@Article{Witten:1993yc,
     author    = "Witten, Edward",
     title     = "{Phases of N = 2 theories in two dimensions}",
     journal   = "Nucl. Phys.",
     volume    = "B403",
     year      = "1993",
     pages     = "159-222",
     eprint    = "hep-th/9301042",
     archivePrefix = "arXiv",
     doi       = "10.1016/0550-3213(93)90033-L",
     SLACcitation  = "%%CITATION = HEP-TH/9301042;%%"
}

@Article{Witten:1993xi,
     author    = "Witten, Edward",
     title     = "{The Verlinde algebra and the cohomology of the
                  Grassmannian}",
     year      = "1993",
     eprint    = "hep-th/9312104",
     archivePrefix = "arXiv",
     SLACcitation  = "%%CITATION = HEP-TH/9312104;%%"
}

@Article{Berkovits:2007rj,
     author    = "Berkovits, Nathan and Vafa, Cumrun",
     title     = "{Towards a Worldsheet Derivation of the Maldacena
                  Conjecture}",
     journal   = "JHEP",
     volume    = "03",
     year      = "2008",
     pages     = "031",
     eprint    = "0711.1799",
     archivePrefix = "arXiv",
     primaryClass  =  "hep-th",
     doi       = "10.1088/1126-6708/2008/03/031",
     SLACcitation  = "%%CITATION = 0711.1799;%%"
}

@article{Buscher:1985kb,
      author         = "Buscher, T.H.",
      title          = "{Quantum corrections and extended supersymmetry in new $\sigma$-models}",
      journal        = "Phys.Lett.",
      volume         = "B159",
      pages          = "127",
      doi            = "10.1016/0370-2693(85)90870-6",
      year           = "1985",
      reportNumber   = "ITP-SB-85-35",
      SLACcitation   = "%%CITATION = PHLTA,B159,127;%%",
}

@Article{Buscher:1987sk,
     author    = "Buscher, T. H.",
     title     = "{A Symmetry of the String Background Field Equations}",
     journal   = "Phys. Lett.",
     volume    = "B194",
     year      = "1987",
     pages     = "59",
     doi       = "10.1016/0370-2693(87)90769-6",
     SLACcitation  = "%%CITATION = PHLTA,B194,59;%%"
}

@Article{Buscher:1987qj,
     author    = "Buscher, T. H.",
     title     = "{Path Integral Derivation of Quantum Duality in Nonlinear
                  Sigma Models}",
     journal   = "Phys. Lett.",
     volume    = "B201",
     year      = "1988",
     pages     = "466",
     doi       = "10.1016/0370-2693(88)90602-8",
     SLACcitation  = "%%CITATION = PHLTA,B201,466;%%"
}



@Article{Berkovits:1999zq,
     author    = "Berkovits, N. and Bershadsky, M. and Hauer, T. and Zhukov,
                  S. and Zwiebach, B.",
     title     = "{Superstring theory on $AdS_2\times S^2$ as a coset
                  supermanifold}",
     journal   = "Nucl. Phys.",
     volume    = "B567",
     year      = "2000",
     pages     = "61-86",
     eprint    = "hep-th/9907200",
     archivePrefix = "arXiv",
     doi       = "10.1016/S0550-3213(99)00683-5",
     SLACcitation  = "%%CITATION = HEP-TH/9907200;%%"
}

@Article{Kac:1977qb,
     author    = "Kac, V. G.",
     title     = "{A Sketch of Lie Superalgebra Theory}",
     journal   = "Commun. Math. Phys.",
     volume    = "53",
     year      = "1977",
     pages     = "31-64",
     doi       = "10.1007/BF01609166",
     SLACcitation  = "%%CITATION = CMPHA,53,31;%%"
}

@Article{Berkovits:2008ic,
     author    = "Berkovits, Nathan and Maldacena, Juan",
     title     = "{Fermionic T-Duality, Dual Superconformal Symmetry, and the
                  Amplitude/Wilson Loop Connection}",
     journal   = "JHEP",
     volume    = "09",
     year      = "2008",
     pages     = "062",
     eprint    = "0807.3196",
     archivePrefix = "arXiv",
     primaryClass  =  "hep-th",
     doi       = "10.1088/1126-6708/2008/09/062",
     SLACcitation  = "%%CITATION = 0807.3196;%%"
}

@Article{Frappat:1996pb,
     author    = "Frappat, L. and Sorba, P. and Sciarrino, A.",
     title     = "{Dictionary on Lie superalgebras}",
     year      = "1996",
     eprint    = "hep-th/9607161",
     archivePrefix = "arXiv",
     SLACcitation  = "%%CITATION = HEP-TH/9607161;%%"
}

@Article{Aharony:2008ug,
     author    = "Aharony, Ofer and Bergman, Oren and Jafferis, Daniel Louis
                  and Maldacena, Juan",
     title     = "{N=6 superconformal Chern-Simons-matter theories, M2-branes
                  and their gravity duals}",
     journal   = "JHEP",
     volume    = "10",
     year      = "2008",
     pages     = "091",
     eprint    = "0806.1218",
     archivePrefix = "arXiv",
     primaryClass  =  "hep-th",
     doi       = "10.1088/1126-6708/2008/10/091",
     SLACcitation  = "%%CITATION = 0806.1218;%%"
}

@Article{Alday:2007hr,
     author    = "Alday, Luis F. and Maldacena, Juan Martin",
     title     = "{Gluon scattering amplitudes at strong coupling}",
     journal   = "JHEP",
     volume    = "06",
     year      = "2007",
     pages     = "064",
     eprint    = "0705.0303",
     archivePrefix = "arXiv",
     primaryClass  =  "hep-th",
     SLACcitation  = "%%CITATION = 0705.0303;%%"
}

@article{Drummond:2006rz,
      author         = "Drummond, J.M. and Henn, J. and Smirnov, V.A. and
                        Sokatchev, E.",
      title          = "{Magic identities for conformal four-point integrals}",
      journal        = "JHEP",
      volume         = "0701",
      pages          = "064",
      doi            = "10.1088/1126-6708/2007/01/064",
      year           = "2007",
      eprint         = "hep-th/0607160",
      archivePrefix  = "arXiv",
      primaryClass   = "hep-th",
      reportNumber   = "LAPTH-1159-06",
      SLACcitation   = "%%CITATION = HEP-TH/0607160;%%",
}

@article{Drummond:2007aua,
      author         = "Korchemsky, G.P. and Drummond, J.M. and Sokatchev, E.",
      title          = "{Conformal properties of four-gluon planar amplitudes and
                        Wilson loops}",
      journal        = "Nucl.Phys.",
      volume         = "B795",
      pages          = "385-408",
      doi            = "10.1016/j.nuclphysb.2007.11.041",
      year           = "2008",
      eprint         = "0707.0243",
      archivePrefix  = "arXiv",
      primaryClass   = "hep-th",
      SLACcitation   = "%%CITATION = ARXIV:0707.0243;%%",
}

@article{Beisert:2008iq,
      author         = "Beisert, Niklas and Ricci, Riccardo and Tseytlin, Arkady
                        A. and Wolf, Martin",
      title          = "{Dual Superconformal Symmetry from $AdS_5\times S^5$
                        Superstring Integrability}",
      journal        = "Phys.Rev.",
      volume         = "D78",
      pages          = "126004",
      doi            = "10.1103/PhysRevD.78.126004",
      year           = "2008",
      eprint         = "0807.3228",
      archivePrefix  = "arXiv",
      primaryClass   = "hep-th",
}

@Article{Bena:2003wd,
     author    = "Bena, Iosif and Polchinski, Joseph and Roiban, Radu",
     title     = "{Hidden symmetries of the $AdS_5\times S^5$ superstring}",
     journal   = "Phys. Rev.",
     volume    = "D69",
     year      = "2004",
     pages     = "046002",
     eprint    = "hep-th/0305116",
     archivePrefix = "arXiv",
     doi       = "10.1103/PhysRevD.69.046002",
     SLACcitation  = "%%CITATION = HEP-TH/0305116;%%"
}

@Article{Adam:2007ws,
     author    = "Adam, Ido and Dekel, Amit and Mazzucato, Luca and Oz, Yaron
                  ",
     title     = "{Integrability of type II superstrings on Ramond-Ramond
                  backgrounds in various dimensions}",
     journal   = "JHEP",
     volume    = "06",
     year      = "2007",
     pages     = "085",
     eprint    = "hep-th/0702083",
     archivePrefix = "arXiv",
     SLACcitation  = "%%CITATION = HEP-TH/0702083;%%"
}

@Article{Zhou:1999sm,
     author    = "Zhou, Jian-Ge",
     title     = "{Super 0-brane and GS superstring actions on $AdS_2\times S^2$}",
     journal   = "Nucl. Phys.",
     volume    = "B559",
     year      = "1999",
     pages     = "92-102",
     eprint    = "hep-th/9906013",
     archivePrefix = "arXiv",
     doi       = "10.1016/S0550-3213(99)00462-9",
     SLACcitation  = "%%CITATION = HEP-TH/9906013;%%"
}

@Article{Rahmfeld:1998zn,
     author    = "Rahmfeld, J. and Rajaraman, Arvind",
     title     = "{The GS string action on $AdS_3\times S^3$ with Ramond-Ramond
                  charge}",
     journal   = "Phys. Rev.",
     volume    = "D60",
     year      = "1999",
     pages     = "064014",
     eprint    = "hep-th/9809164",
     archivePrefix = "arXiv",
     doi       = "10.1103/PhysRevD.60.064014",
     SLACcitation  = "%%CITATION = HEP-TH/9809164;%%"
}

@Article{Park:1998un,
     author    = "Park, Jaemo and Rey, Soo-Jong",
     title     = "{Green-Schwarz superstring on $AdS_3\times S^3$}",
     journal   = "JHEP",
     volume    = "01",
     year      = "1999",
     pages     = "001",
     eprint    = "hep-th/9812062",
     archivePrefix = "arXiv",
     SLACcitation  = "%%CITATION = HEP-TH/9812062;%%"
}

@Article{Fre:2008qc,
     author    = "Fre, Pietro and Grassi, Pietro Antonio",
     title     = "{Pure Spinor Formalism for {Osp}(N|4) backgrounds}",
     year      = "2008",
     eprint    = "0807.0044",
     archivePrefix = "arXiv",
     primaryClass  =  "hep-th",
     SLACcitation  = "%%CITATION = 0807.0044;%%"
}

@Article{Bonelli:2008us,
     author    = "Bonelli, Giulio and Grassi, Pietro Antonio and Safaai,
                  Houman",
     title     = "{Exploring Pure Spinor String Theory on $AdS_4\times
                  \mathbb{CP}^3$}",
     journal   = "JHEP",
     volume    = "10",
     year      = "2008",
     pages     = "085",
     eprint    = "0808.1051",
     archivePrefix = "arXiv",
     primaryClass  =  "hep-th",
     doi       = "10.1088/1126-6708/2008/10/085",
     SLACcitation  = "%%CITATION = 0808.1051;%%"
}



@article{arutyunov-2009,
      author         = "Arutyunov, Gleb and Frolov, Sergey",
      title          = "{Foundations of the $AdS_5 \times S^5$ Superstring. Part I}",
      journal        = "J.Phys.",
      volume         = "A42",
      pages          = "254003",
      doi            = "10.1088/1751-8113/42/25/254003",
      year           = "2009",
      eprint         = "0901.4937",
      archivePrefix  = "arXiv",
      primaryClass   = "hep-th",
      reportNumber   = "ITP-UU-09-05, SPIN-09-05, TCD-MATH-09-06, HMI-09-03",
      SLACcitation   = "%%CITATION = ARXIV:0901.4937;%%",
}

@ARTICLE{alday-2006-018,
  author = {L.~F. Alday and G. Arutyunov and S. Frolov},
  title = {Green-Schwarz Strings in TsT-transformed backgrounds},
  journal = {JHEP0606},
  volume = {018},
  url = {http://www.citebase.org/abstract?id=oai:arXiv.org:hep-th/0512253},
  year = {2006}
}

@Article{SchaferNameki:2009xr,
     author    = "Schafer-Nameki, Sakura and Yamazaki, Masahito and Yoshida,
                  Kentaroh",
     title     = "{Coset Construction for Duals of Non-relativistic CFTs}",
     year      = "2009",
     eprint    = "0903.4245",
     archivePrefix = "arXiv",
     primaryClass  =  "hep-th",
     SLACcitation  = "%%CITATION = 0903.4245;%%"
}

@Article{Mazzucato:2008tr,
     author    = "Mazzucato, Luca and Oz, Yaron and Theisen, Stefan",
     title     = "{Non-relativistic Branes}",
     journal   = "JHEP",
     volume    = "04",
     year      = "2009",
     pages     = "073",
     eprint    = "0810.3673",
     archivePrefix = "arXiv",
     primaryClass  =  "hep-th",
     doi       = "10.1088/1126-6708/2009/04/073",
     SLACcitation  = "%%CITATION = 0810.3673;%%"
}

@Article{Maldacena:2008wh,
     author    = "Maldacena, Juan and Martelli, Dario and Tachikawa, Yuji",
     title     = "{Comments on string theory backgrounds with non-
                  relativistic conformal symmetry}",
     journal   = "JHEP",
     volume    = "10",
     year      = "2008",
     pages     = "072",
     eprint    = "0807.1100",
     archivePrefix = "arXiv",
     primaryClass  =  "hep-th",
     doi       = "10.1088/1126-6708/2008/10/072",
     SLACcitation  = "%%CITATION = 0807.1100;%%"
}


@article{Alvarez:1994dn,
      author         = "Alvarez, Enrique and Alvarez-Gaume, Luis and Lozano,
                        Yolanda",
      title          = "{An Introduction to T duality in string theory}",
      journal        = "Nucl.Phys.Proc.Suppl.",
      volume         = "41",
      pages          = "1-20",
      doi            = "10.1016/0920-5632(95)00429-D",
      year           = "1995",
      eprint         = "hep-th/9410237",
      archivePrefix  = "arXiv",
      primaryClass   = "hep-th",
      reportNumber   = "CERN-TH-7486-94, FTUAM-94-26A",
      SLACcitation   = "%%CITATION = HEP-TH/9410237;%%",
}

@Article{Adams:2008wt,
     author    = "Adams, Allan and Balasubramanian, Koushik and McGreevy,
                  John",
     title     = "{Hot Spacetimes for Cold Atoms}",
     journal   = "JHEP",
     volume    = "11",
     year      = "2008",
     pages     = "059",
     eprint    = "0807.1111",
     archivePrefix = "arXiv",
     primaryClass  =  "hep-th",
     doi       = "10.1088/1126-6708/2008/11/059",
     SLACcitation  = "%%CITATION = 0807.1111;%%"
}


@Article{Balasubramanian:2008dm,
     author    = "Balasubramanian, Koushik and McGreevy, John",
     title     = "{Gravity duals for non-relativistic CFTs}",
     journal   = "Phys. Rev. Lett.",
     volume    = "101",
     year      = "2008",
     pages     = "061601",
     eprint    = "0804.4053",
     archivePrefix = "arXiv",
     primaryClass  =  "hep-th",
     doi       = "10.1103/PhysRevLett.101.061601",
     SLACcitation  = "%%CITATION = 0804.4053;%%"
}

@Article{Son:2008ye,
     author    = "Son, D. T.",
     title     = "{Toward an AdS/cold atoms correspondence: a geometric
                  realization of the Schroedinger symmetry}",
     journal   = "Phys. Rev.",
     volume    = "D78",
     year      = "2008",
     pages     = "046003",
     eprint    = "0804.3972",
     archivePrefix = "arXiv",
     primaryClass  =  "hep-th",
     doi       = "10.1103/PhysRevD.78.046003",
     SLACcitation  = "%%CITATION = 0804.3972;%%"
}

@Article{Adam:2009kt,
     author    = "Adam, Ido and Dekel, Amit and Oz, Yaron",
     title     = "{On Integrable Backgrounds Self-dual under Fermionic T-
                  duality}",
     journal   = "JHEP",
     volume    = "04",
     year      = "2009",
     pages     = "120",
     eprint    = "0902.3805",
     archivePrefix = "arXiv",
     primaryClass  =  "hep-th",
     doi       = "10.1088/1126-6708/2009/04/120",
     SLACcitation  = "%%CITATION = 0902.3805;%%"
}

@Article{Maldacena:1997re,
     author    = "Maldacena, Juan Martin",
     title     = "{The large N limit of superconformal field theories and
                  supergravity}",
     journal   = "Adv. Theor. Math. Phys.",
     volume    = "2",
     year      = "1998",
     pages     = "231-252",
     eprint    = "hep-th/9711200",
     archivePrefix = "arXiv",
     SLACcitation  = "%%CITATION = HEP-TH/9711200;%%"
}

@BOOK{Arnold:1984,
     author    = "Arnold, V.I",
  TITLE =        {Mathematical Methods of Classical Mechanics},
  PUBLISHER =    {Springer-Verlag},
  YEAR =         {1984},
}

@Article{Minahan:2002ve,
     author    = "Minahan, J. A. and Zarembo, K.",
     title     = "{The Bethe-ansatz for N = 4 super Yang-Mills}",
     journal   = "JHEP",
     volume    = "03",
     year      = "2003",
     pages     = "013",
     eprint    = "hep-th/0212208",
     archivePrefix = "arXiv",
     SLACcitation  = "%%CITATION = HEP-TH/0212208;%%"
}

@ARTICLE{drummond-2007-064,
  author = {J.~M. Drummond and J. Henn and V.~A. Smirnov and E. Sokatchev},
  title = {Magic identities for conformal four-point integrals},
  journal = {JHEP0701},
  volume = {064},
  url = {http://www.citebase.org/abstract?id=oai:arXiv.org:hep-th/0607160},
  year = {2007}
}

@MISC{bargheer-2009,
  author = {Till Bargheer and Niklas Beisert and Wellington Galleas and Florian Loebbert and Tristan McLoughlin},
  title = {Exacting N=4 Superconformal Symmetry},
  url = {http://www.citebase.org/abstract?id=oai:arXiv.org:0905.3738},
  year = {2009}
}
@MISC{korchemsky-2009,
  author = {G.~P. Korchemsky and E. Sokatchev},
  title = {Symmetries and analytic properties of scattering amplitudes in N=4 SYM   theory},
  url = {http://www.citebase.org/abstract?id=oai:arXiv.org:0906.1737},
  year = {2009}
}

@Article{Green:1983wt,
     author    = "Green, Michael B. and Schwarz, John H.",
     title     = "{Covariant Description of Superstrings}",
     journal   = "Phys. Lett.",
     volume    = "B136",
     year      = "1984",
     pages     = "367-370",
     doi       = "10.1016/0370-2693(84)92021-5",
     SLACcitation  = "%%CITATION = PHLTA,B136,367;%%"
}

@BOOK{GSW:1986,
  AUTHOR =       "Green, Michael B. and Schwarz, J.H. and Witten, Edward",
  TITLE =        "{Superstring Theory, Volume 1: Introduction}",
  PUBLISHER =    "Cambridge University Press",
  YEAR =         "1986",
}


@Article{Henneaux:1984mh,
     author    = "Henneaux, Marc and Mezincescu, Luca",
     title     = "{A Sigma Model Interpretation of Green-Schwarz Covariant
                  Superstring Action}",
     journal   = "Phys. Lett.",
     volume    = "B152",
     year      = "1985",
     pages     = "340",
     doi       = "10.1016/0370-2693(85)90507-6",
     SLACcitation  = "%%CITATION = PHLTA,B152,340;%%"
}

@Article{Brezin:1979am,
     author    = "Brezin, E. and Itzykson, C. and Zinn-Justin, Jean and
                  Zuber, J. B.",
     title     = "{Remarks About the Existence of Nonlocal Charges in Two-
                  Dimensional Models}",
     journal   = "Phys. Lett.",
     volume    = "B82",
     year      = "1979",
     pages     = "442-444",
     doi       = "10.1016/0370-2693(79)90263-6",
     SLACcitation  = "%%CITATION = PHLTA,B82,442;%%"
}

@Article{Luscher:1977rq,
     author    = "Luscher, M. and Pohlmeyer, K.",
     title     = "{Scattering of Massless Lumps and Nonlocal Charges in the
                  Two-Dimensional Classical Nonlinear Sigma Model}",
     journal   = "Nucl. Phys.",
     volume    = "B137",
     year      = "1978",
     pages     = "46",
     doi       = "10.1016/0550-3213(78)90049-4",
     SLACcitation  = "%%CITATION = NUPHA,B137,46;%%"
}
@Article{Metsaev:1998it,
     author    = "Metsaev, R. R. and Tseytlin, A. A.",
     title     = "{Type IIB superstring action in $AdS_5\times S^5$ background}",
     journal   = "Nucl. Phys.",
     volume    = "B533",
     year      = "1998",
     pages     = "109-126",
     eprint    = "hep-th/9805028",
     archivePrefix = "arXiv",
     doi       = "10.1016/S0550-3213(98)00570-7",
     SLACcitation  = "%%CITATION = HEP-TH/9805028;%%"
}

@Article{Dolan:2004ps,
     author    = "Dolan, Louise and Nappi, Chiara R. and Witten, Edward",
     title     = "{Yangian symmetry in D = 4 superconformal Yang-Mills
                  theory}",
     year      = "2004",
     eprint    = "hep-th/0401243",
     archivePrefix = "arXiv",
     SLACcitation  = "%%CITATION = HEP-TH/0401243;%%"
}
@Article{Dolan:2003uh,
     author    = "Dolan, Louise and Nappi, Chiara R. and Witten, Edward",
     title     = "{A relation between approaches to integrability in
                  superconformal  Yang-Mills theory}",
     journal   = "JHEP",
     volume    = "10",
     year      = "2003",
     pages     = "017",
     eprint    = "hep-th/0308089",
     archivePrefix = "arXiv",
     SLACcitation  = "%%CITATION = HEP-TH/0308089;%%"
}

@Article{MacKay:2004tc,
     author    = "MacKay, N. J.",
     title     = "{Introduction to Yangian symmetry in integrable field
                  theory}",
     journal   = "Int. J. Mod. Phys.",
     volume    = "A20",
     year      = "2005",
     pages     = "7189-7218",
     eprint    = "hep-th/0409183",
     archivePrefix = "arXiv",
     doi       = "10.1142/S0217751X05022317",
     SLACcitation  = "%%CITATION = HEP-TH/0409183;%%"
}

@ARTICLE{drummond-2009-0905,
  author = {J.~M. Drummond and J.~M. Henn and J. Plefka},
  title = {Yangian symmetry of scattering amplitudes in N=4 super Yang-Mills theory},
  journal = {JHEP},
  volume = {0905},
  pages = {046},
  url = {doi:10.1088/1126-6708/2009/05/046},
  year = {2009}
}

@ARTICLE{son-2008-78,
  author = {D.~T. Son},
  title = {Toward an AdS/cold atoms correspondence: a geometric realization of the   Schroedinger symmetry},
  journal = {Physical Review D},
  volume = {78},
  pages = {046003},
  url = {doi:10.1103/PhysRevD.78.046003},
  year = {2008}
}

@ARTICLE{balasubramanian-2008-101,
  author = {Koushik Balasubramanian and John McGreevy},
  title = {Gravity duals for non-relativistic CFTs},
  journal = {Physical Review Letters},
  volume = {101},
  pages = {061601},
  url = {doi:10.1103/PhysRevLett.101.061601},
  year = {2008}
}

@ARTICLE{adams-2008-059,
  author = {Allan Adams and Koushik Balasubramanian and John McGreevy},
  title = {Hot Spacetimes for Cold Atoms},
  journal = {JHEP0811},
  volume = {059},
  url = {doi:10.1088/1126-6708/2008/11/059},
  year = {2008}
}


@ARTICLE{alday-2006-018,
  author = {L.~F. Alday and G. Arutyunov and S. Frolov},
  title = {Green-Schwarz Strings in TsT-transformed backgrounds},
  journal = {JHEP0606},
  volume = {018},
  url = {http://www.citebase.org/abstract?id=oai:arXiv.org:hep-th/0512253},
  year = {2006}
}


@ARTICLE{bhattacharyya-2009-0908,
  author = {Sayantani Bhattacharyya and Shiraz Minwalla and Spenta R. Wadia},
  title = {The Incompressible Non-Relativistic Navier-Stokes Equation from Gravity},
  journal = {JHEP},
  volume = {0908},
  pages = {059},
  url = {doi:10.1088/1126-6708/2009/08/059},
  year = {2009}
}

@ARTICLE{henkel-1994-75,
  author = {Malte Henkel},
  title = {Schr\"{o}dinger Invariance and Strongly Anisotropic Critical Systems},
  journal = {Journal of Statistical Physics},
  volume = {75},
  pages = {1023},
  url = {http://www.citebase.org/abstract?id=oai:arXiv.org:hep-th/9310081},
  year = {1994}
}

@ARTICLE{bagchi-2009-0907,
  author = {Arjun Bagchi and Rajesh Gopakumar},
  title = {Galilean Conformal Algebras and AdS/CFT},
  journal = {JHEP},
  volume = {0907},
  pages = {037},
  url = {doi:10.1088/1126-6708/2009/07/037},
  year = {2009}
}

@Article{Pohlmeyer:1975nb,
     author    = "Pohlmeyer, K.",
     title     = "{Integrable Hamiltonian Systems and Interactions Through
                  Quadratic Constraints}",
     journal   = "Commun. Math. Phys.",
     volume    = "46",
     year      = "1976",
     pages     = "207-221",
     doi       = "10.1007/BF01609119",
     SLACcitation  = "%%CITATION = CMPHA,46,207;%%"
}

@Article{Bakas:1995bm,
     author    = "Bakas, Ioannis and Park, Q-Han and Shin, Hyun-Jonag",
     title     = "{Lagrangian Formulation of Symmetric Space sine-Gordon
                  Models}",
     journal   = "Phys. Lett.",
     volume    = "B372",
     year      = "1996",
     pages     = "45-52",
     eprint    = "hep-th/9512030",
     archivePrefix = "arXiv",
     doi       = "10.1016/0370-2693(96)00026-3",
     SLACcitation  = "%%CITATION = HEP-TH/9512030;%%"
}

@ARTICLE{grigoriev-2008-800,
  author = {M. Grigoriev and A.~A. Tseytlin},
  title = {Pohlmeyer reduction of $AdS_5\times S^5$ superstring sigma model},
  journal = {Nuclear Physics B},
  volume = {800},
  pages = {450},
  url = {doi:10.1016/j.nuclphysb.2008.01.006},
  year = {2008}
}

@Article{mikhailov-2007,
  author = {Andrei Mikhailov and Sakura Schafer-Nameki},
  title = {Sine-Gordon-like action for the Superstring in $AdS_5\times S^5$},
  journal   = "JHEP",
  volume    = "05",
  year      = "2008",
  pages     = "075",
  url = {doi:10.1088/1126-6708/2008/05/075},
}


@ARTICLE{grigoriev-2008-23,
  author = {M. Grigoriev and A.~A. Tseytlin},
  title = {On reduced models for superstrings on $AdS_n\times S^$},
  journal = {International Journal of Modern Physics A},
  volume = {23},
  pages = {2107},
  url = {doi:10.1142/S0217751X08040652},
  year = {2008}
}

@BOOK{Polchinski1,
  author         = "Polchinski, J.",
  title          = "{String theory. Vol. 1: An introduction to the bosonic
                        string}",
  Publisher      = "{Cambridge}",
  year           = "1998",
}


@MISC{verlinde-2004,
  author = {Herman Verlinde},
  title = {Superstrings on $AdS_2$ and Superconformal Matrix Quantum Mechanics},
  url = {http://www.citebase.org/abstract?id=oai:arXiv.org:hep-th/0403024},
  year = {2004}
}

@Article{Berkovits:2000fe,
     author    = "Berkovits, Nathan",
     title     = "{Super-Poincare covariant quantization of the
                  superstring}",
     journal   = "JHEP",
     volume    = "04",
     year      = "2000",
     pages     = "018",
     eprint    = "hep-th/0001035",
     archivePrefix = "arXiv",
     SLACcitation  = "%%CITATION = HEP-TH/0001035;%%"
}

@Article{Berkovits:2002zk,
     author    = "Berkovits, Nathan",
     title     = "{ICTP lectures on covariant quantization of the
                  superstring}",
     year      = "2002",
     eprint    = "hep-th/0209059",
     archivePrefix = "arXiv",
     SLACcitation  = "%%CITATION = HEP-TH/0209059;%%"
}


@ARTICLE{grassi-2003-20,
  author = {P.~A. Grassi and G. Policastro and P. {van Nieuwenhuizen}},
  title = {An Introduction to the Covariant Quantization of Superstrings},
  journal = {Classical and Quantum Gravity},
  volume = {20},
  pages = {S395},
  url = {http://www.citebase.org/abstract?id=oai:arXiv.org:hep-th/0302147},
  year = {2003}
}

@Article{Berkovits:2004xu,
     author    = "Berkovits, Nathan",
     title     = "{Quantum consistency of the superstring in $AdS_5\times S^5$
                  background}",
     journal   = "JHEP",
     volume    = "03",
     year      = "2005",
     pages     = "041",
     eprint    = "hep-th/0411170",
     archivePrefix = "arXiv",
     doi       = "10.1088/1126-6708/2005/03/041",
     SLACcitation  = "%%CITATION = HEP-TH/0411170;%%"
}

@ARTICLE{fouxon-2008-101,
  author = {Itzhak Fouxon and Yaron Oz},
  title = {Conformal Field Theory as Microscopic Dynamics of Incompressible Euler   and Navier-Stokes Equations},
  journal = {Physical Review Letters},
  volume = {101},
  pages = {261602},
  url = {doi:10.1103/PhysRevLett.101.261602},
  year = {2008}
}

@ARTICLE{roiban-2009-0904,
  author = {R. Roiban and A.~A. Tseytlin},
  title = {UV finiteness of Pohlmeyer-reduced form of the $AdS_5\times S^5$ superstring   theory},
  journal = {JHEP},
  volume = {0904},
  pages = {078},
  url = {doi:10.1088/1126-6708/2009/04/078},
  year = {2009}
}

@Article{Hao:2009hw,
     author    = "Hao, Chen-guang and Chen, Bin and Song, Xing-chang",
     title     = "{On Fermionic T-duality of Sigma modes on AdS
                  backgrounds}",
     journal   = "JHEP",
     volume    = "12",
     year      = "2009",
     pages     = "051",
     eprint    = "0909.5485",
     archivePrefix = "arXiv",
     primaryClass  =  "hep-th",
     doi       = "10.1088/1126-6708/2009/12/051",
     SLACcitation  = "%%CITATION = 0909.5485;%%"
}

@ARTICLE{Serganova83,
  author = "V.~V.~Serganova",
  title = "Classification of real simple Lie superalgebras and symmetric superspaces",
  journal = "Funct. Anal. Appl.",
  volume = "17",
  pages = "200--207",
  year = "1983",
  doi  = "10.1007/BF01078102",
}

@Article{Babichenko:2009dk,
     author    = "Babichenko, A. and Stefanski, Jr. , B. and Zarembo, K.",
     title     = "{Integrability and the $AdS_3 / CFT_2$ correspondence}",
     journal   = "JHEP",
     volume    = "03",
     year      = "2010",
     pages     = "058",
     eprint    = "0912.1723",
     archivePrefix = "arXiv",
     primaryClass  =  "hep-th",
     doi       = "10.1007/JHEP03(2010)058",
     SLACcitation  = "%%CITATION = 0912.1723;%%"
}

@Article{Zarembo:2010sg,
     author    = "Zarembo, K.",
     title     = "{Strings on Semisymmetric Superspaces}",
     journal   = "JHEP",
     volume    = "05",
     year      = "2010",
     pages     = "002",
     eprint    = "1003.0465",
     archivePrefix = "arXiv",
     primaryClass  =  "hep-th",
     doi       = "10.1007/JHEP05(2010)002",
     SLACcitation  = "%%CITATION = 1003.0465;%%"
}

@Book{Helgason:2001,
     author    = "Helgason, S.",
     title     = "{Differential geometry, Lie groups, and symmetric spaces}",
     publisher   = "American Mathematical Society",
     year      = "2001",
     pages     = "641",
}

@Article{Nahm:1977tg,
     author    = "Nahm, W.",
     title     = "{Supersymmetries and their representations}",
     journal   = "Nucl. Phys.",
     volume    = "B135",
     year      = "1978",
     pages     = "149",
     doi       = "10.1016/0550-3213(78)90218-3",
     SLACcitation  = "%%CITATION = NUPHA,B135,149;%%"
}

@Book{Vilenkin:1968,
     author    = "Vilenkin, N. Ja. ",
     title     = "{Special Functions and the Theory of Group Representations}",
     publisher   = "American Mathematical Society",
     year      = "1968",
     pages     = "613 ",
}

@Article{Beisert:2009cs,
     author    = "Beisert, Niklas",
     title     = "{T-Duality, Dual Conformal Symmetry and Integrability for
                  Strings on $AdS_5\times S^5$}",
     journal   = "Fortschr. Phys.",
     volume    = "57",
     year      = "2009",
     pages     = "329-337",
     eprint    = "0903.0609",
     archivePrefix = "arXiv",
     primaryClass  =  "hep-th",
     doi       = "10.1002/prop.200900060",
}


@article{Arutyunov:2008if,
      author         = "Arutyunov, Gleb and Frolov, Sergey",
      title          = "{Superstrings on $AdS_4\times CP^3$ as a Coset Sigma-model}",
      journal        = "JHEP",
      volume         = "0809",
      pages          = "129",
      doi            = "10.1088/1126-6708/2008/09/129",
      year           = "2008",
      eprint         = "0806.4940",
      archivePrefix  = "arXiv",
      primaryClass   = "hep-th",
}

@Article{Stefanski:2008ik,
     author    = "Stefanski, jr, B.",
     title     = "{Green-Schwarz action for Type IIA strings on $AdS_4\times
                  CP^3$}",
     journal   = "Nucl. Phys.",
     volume    = "B808",
     year      = "2009",
     pages     = "80-87",
     eprint    = "0806.4948",
     archivePrefix = "arXiv",
     primaryClass  =  "hep-th",
     doi       = "10.1016/j.nuclphysb.2008.09.015",
     SLACcitation  = "%%CITATION = 0806.4948;%%"
}

@article{Bargheer:2010hn,
      author         = "Bargheer, Till and Loebbert, Florian and Meneghelli,
                        Carlo",
      title          = "{Symmetries of Tree-level Scattering Amplitudes in N=6
                        Superconformal Chern-Simons Theory}",
      journal        = "Phys.Rev.",
      volume         = "D82",
      pages          = "045016",
      doi            = "10.1103/PhysRevD.82.045016",
      year           = "2010",
      eprint         = "1003.6120",
      archivePrefix  = "arXiv",
      primaryClass   = "hep-th",
      SLACcitation   = "%%CITATION = ARXIV:1003.6120;%%",
}

@Article{Drummond:2008vq,
     author    = "Drummond, J. M. and Henn, J. and Korchemsky, G. P. and
                  Sokatchev, E.",
     title     = "{Dual superconformal symmetry of scattering amplitudes in
                  N=4 super-Yang-Mills theory}",
     journal   = "Nucl. Phys.",
     volume    = "B828",
     year      = "2010",
     pages     = "317-374",
     eprint    = "0807.1095",
     archivePrefix = "arXiv",
     primaryClass  =  "hep-th",
     doi       = "10.1016/j.nuclphysb.2009.11.022",
     SLACcitation  = "%%CITATION = 0807.1095;%%"
}

@Article{Witten:2003nn,
     author    = "Witten, Edward",
     title     = "{Perturbative gauge theory as a string theory in twistor
                  space}",
     journal   = "Commun. Math. Phys.",
     volume    = "252",
     year      = "2004",
     pages     = "189-258",
     eprint    = "hep-th/0312171",
     archivePrefix = "arXiv",
     doi       = "10.1007/s00220-004-1187-3",
     SLACcitation  = "%%CITATION = HEP-TH/0312171;%%"
}


@article{Adam:2010hh,
      author         = "Adam, Ido and Dekel, Amit and Oz, Yaron",
      title          = "{On the fermionic T-duality of the $AdS_4 \times CP^3$
                        sigma-model}",
      journal        = "JHEP",
      volume         = "1010",
      pages          = "110",
      doi            = "10.1007/JHEP10(2010)110",
      year           = "2010",
      eprint         = "1008.0649",
      archivePrefix  = "arXiv",
      primaryClass   = "hep-th",
      reportNumber   = "AEI-2010-128",
      SLACcitation   = "%%CITATION = ARXIV:1008.0649;%%",
}

@Article{Kagan:2005wt,
     author    = "Kagan, David and Young, Charles A. S.",
     title     = "{Conformal Sigma-Models on Supercoset Targets}",
     journal   = "Nucl. Phys.",
     volume    = "B745",
     year      = "2006",
     pages     = "109-122",
     eprint    = "hep-th/0512250",
     archivePrefix = "arXiv",
     doi       = "10.1016/j.nuclphysb.2006.02.027",
     SLACcitation  = "%%CITATION = HEP-TH/0512250;%%"
}

@article{Huang:2010qy,
      author         = "Huang, Yu-tin and Lipstein, Arthur E.",
      title          = "{Dual Superconformal Symmetry of N=6 Chern-Simons
                        Theory}",
      journal        = "JHEP",
      volume         = "1011",
      pages          = "076",
      doi            = "10.1007/JHEP11(2010)076",
      year           = "2010",
      eprint         = "1008.0041",
      archivePrefix  = "arXiv",
      primaryClass   = "hep-th",
      reportNumber   = "CALT-68-2799, UCLA-TEP-10-105",
      SLACcitation   = "%%CITATION = ARXIV:1008.0041;%%",
}

@article{Henn:2010ps,
      author         = "Henn, Johannes M. and Plefka, Jan and Wiegandt,
                        Konstantin",
      title          = "{Light-like polygonal Wilson loops in 3d Chern-Simons and
                        ABJM theory}",
      journal        = "JHEP",
      volume         = "1008",
      pages          = "032",
      doi            = "10.1007/JHEP08(2010)032, 10.1007/JHEP11(2011)053,
                        10.1007/JHEP08(2010)032, 10.1007/JHEP11(2011)053",
      year           = "2010",
      eprint         = "1004.0226",
      archivePrefix  = "arXiv",
      primaryClass   = "hep-th",
      reportNumber   = "HU-EP-10-14",
      SLACcitation   = "%%CITATION = ARXIV:1004.0226;%%",
}

@Article{Grassi:2009yj,
     author    = "Grassi, Pietro Antonio and Sorokin, Dmitri and Wulff, Linus
                  ",
     title     = "{Simplifying superstring and D-brane actions in $AdS_4\times CP^3$ superbackground}",
     journal   = "JHEP",
     volume    = "08",
     year      = "2009",
     pages     = "060",
     eprint    = "0903.5407",
     archivePrefix = "arXiv",
     primaryClass  =  "hep-th",
     doi       = "10.1088/1126-6708/2009/08/060",
     SLACcitation  = "%%CITATION = 0903.5407;%%"
}


@article{McGreevy:2000cw,
      author         = "McGreevy, John and Susskind, Leonard and Toumbas,
                        Nicolaos",
      title          = "{Invasion of the giant gravitons from Anti-de Sitter
                        space}",
      journal        = "JHEP",
      volume         = "0006",
      pages          = "008",
      year           = "2000",
      eprint         = "hep-th/0003075",
      archivePrefix  = "arXiv",
      primaryClass   = "hep-th",
}

@article{Grisaru:2000zn,
      author         = "Grisaru, Marcus T. and Myers, Robert C. and Tafjord,
                        Oyvind",
      title          = "{SUSY and goliath}",
      journal        = "JHEP",
      volume         = "0008",
      pages          = "040",
      year           = "2000",
      eprint         = "hep-th/0008015",
      archivePrefix  = "arXiv",
      primaryClass   = "hep-th",
}

@article{Hashimoto:2000zp,
      author         = "Hashimoto, Akikazu and Hirano, Shinji and Itzhaki, N.",
      title          = "{Large branes in AdS and their field theory dual}",
      journal        = "JHEP",
      volume         = "0008",
      pages          = "051",
      year           = "2000",
      eprint         = "hep-th/0008016",
      archivePrefix  = "arXiv",
      primaryClass   = "hep-th",
}

@article{Berenstein:2006qk,
      author         = "Berenstein, David and Correa, Diego H. and Vazquez,
                        Samuel E.",
      title          = "{A Study of open strings ending on giant gravitons, spin
                        chains and integrability}",
      journal        = "JHEP",
      volume         = "0609",
      pages          = "065",
      year           = "2006",
      eprint         = "hep-th/0604123",
      archivePrefix  = "arXiv",
      primaryClass   = "hep-th",
}

@article{Balasubramanian:2001nh,
      author         = "Balasubramanian, Vijay and Berkooz, Micha and Naqvi, Asad
                        and Strassler, Matthew J.",
      title          = "{Giant gravitons in conformal field theory}",
      journal        = "JHEP",
      volume         = "0204",
      pages          = "034",
      year           = "2002",
      eprint         = "hep-th/0107119",
      archivePrefix  = "arXiv",
      primaryClass   = "hep-th",
}

@article{Klebanov:2004ya,
      author         = "Klebanov, Igor R. and Maldacena, Juan Martin",
      title          = "{Superconformal gauge theories and non-critical
                        superstrings}",
      journal        = "Int.J.Mod.Phys.",
      volume         = "A19",
      pages          = "5003-5016",
      doi            = "10.1142/S0217751X04020865",
      year           = "2004",
      eprint         = "hep-th/0409133",
      archivePrefix  = "arXiv",
      primaryClass   = "hep-th",
}

@article{Lee:2010du,
      author         = "Lee, Sangmin",
      title          = "{Yangian Invariant Scattering Amplitudes in
                        Super-Chern-Simons Theory}",
      journal        = "Phys.Rev.Lett.",
      volume         = "105",
      pages          = "151603",
      doi            = "10.1103/PhysRevLett.105.151603",
      year           = "2010",
      eprint         = "arXiv:1007.4772",
      archivePrefix  = "arXiv",
      primaryClass   = "hep-th",
}

@article{Bakhmatov:2010fp,
      author         = "Bakhmatov, Ilya",
      title          = "{On $AdS_4 \times CP^3$ T-duality}",
      journal        = "Nucl.Phys.",
      volume         = "B847",
      pages          = "38-53",
      doi            = "10.1016/j.nuclphysb.2011.01.020",
      year           = "2011",
      eprint         = "1011.0985",
      archivePrefix  = "arXiv",
      primaryClass   = "hep-th",
      reportNumber   = "QMUL-PH-10-17",
      SLACcitation   = "%%CITATION = ARXIV:1011.0985;%%",
}


@article{Kac:1977em,
      author         = "V.~G.~Kac",
      title          = "{Lie Superalgebras}",
     journal   = "Adv. Math.",
     volume    = "26",
     year           = "1977",
     pages     = "8-96",
     doi       = "10.1016/0001-8708(77)90017-2",
}

@article{Gang:2010gy,
      author         = "Gang, Dongmin and Huang, Yu-tin and Koh, Eunkyung and
                        Lee, Sangmin and Lipstein, Arthur E.",
      title          = "{Tree-level Recursion Relation and Dual Superconformal
                        Symmetry of the ABJM Theory}",
      journal        = "JHEP",
      volume         = "1103",
      pages          = "116",
      doi            = "10.1007/JHEP03(2011)116",
      year           = "2011",
      eprint         = "1012.5032",
      archivePrefix  = "arXiv",
      primaryClass   = "hep-th",
      reportNumber   = "CALT-68-2813, UCLA-10-TEP-109, KIAS-P10046",
      SLACcitation   = "%%CITATION = ARXIV:1012.5032;%%",
}


@article{Beisert:2010kp,
      author         = "Beisert, Niklas",
      title          = "{Review of AdS/CFT Integrability, Chapter VI.1:
                        Superconformal Symmetry}",
      journal        = "Lett.Math.Phys.",
      volume         = "99",
      pages          = "529-545",
      doi            = "10.1007/s11005-011-0479-8",
      year           = "2012",
      eprint         = "1012.4004",
      archivePrefix  = "arXiv",
      primaryClass   = "hep-th",
      reportNumber   = "AEI-2010-174",
      SLACcitation   = "%%CITATION = ARXIV:1012.4004;%%",
}


@article{Mann:2006rh,
      author         = "Mann, Nelia and Vazquez, Samuel E.",
      title          = "{Classical Open String Integrability}",
      journal        = "JHEP",
      volume         = "0704",
      pages          = "065",
      doi            = "10.1088/1126-6708/2007/04/065",
      year           = "2007",
      eprint         = "hep-th/0612038",
      archivePrefix  = "arXiv",
      primaryClass   = "hep-th",
}

@Article{Metsaev:1998hf,
     author    = "Metsaev, R. R. and Tseytlin, Arkady A.",
     title     = "{Supersymmetric D3 brane action in $AdS_5\times S^5$}",
     journal   = "Phys. Lett.",
     volume    = "B436",
     year      = "1998",
     pages     = "281-288",
     eprint    = "hep-th/9806095",
     archivePrefix = "arXiv",
     doi       = "10.1016/S0370-2693(98)00869-7",
     SLACcitation  = "%%CITATION = HEP-TH/9806095;%%"
}


@Article{Lambert:1999id,
     author    = "Lambert, N. D. and West, Peter C.",
     title     = "{D-branes in the Green-Schwarz formalism}",
     journal   = "Phys. Lett.",
     volume    = "B459",
     year      = "1999",
     pages     = "515-521",
     eprint    = "hep-th/9905031",
     archivePrefix = "arXiv",
     doi       = "10.1016/S0370-2693(99)00715-7",
     SLACcitation  = "%%CITATION = HEP-TH/9905031;%%"
}


@Article{Sakaguchi:2003py,
     author    = "Sakaguchi, Makoto and Yoshida, Kentaroh",
     title     = "{D-branes of covariant AdS superstrings}",
     journal   = "Nucl. Phys.",
     volume    = "B684",
     year      = "2004",
     pages     = "100-124",
     eprint    = "hep-th/0310228",
     archivePrefix = "arXiv",
     doi       = "10.1016/j.nuclphysb.2004.02.016",
     SLACcitation  = "%%CITATION = HEP-TH/0310228;%%"
}

@Article{Skenderis:2002vf,
     author    = "Skenderis, Kostas and Taylor, Marika",
     title     = "{Branes in AdS and pp-wave spacetimes}",
     journal   = "JHEP",
     volume    = "06",
     year      = "2002",
     pages     = "025",
     eprint    = "hep-th/0204054",
     archivePrefix = "arXiv",
     SLACcitation  = "%%CITATION = HEP-TH/0204054;%%"
}

@Article{Chandrasekhar:2009ey,
     author    = "Chandrasekhar, B. and Panda, Binata",
     title     = "{Brane Embeddings in $AdS_4\times CP^3$}",
     year      = "2009",
     eprint    = "0909.3061",
     archivePrefix = "arXiv",
     primaryClass  =  "hep-th",
     SLACcitation  = "%%CITATION = 0909.3061;%%"
}

@article{Girardi:1980um,
      author         = "Girardi, G. and Sciarrino, A. and Sorba, P.",
      title          = "{Some Relevant Properties Of SO(N) Representations For
                        Grand Unified Theories}",
      journal        = "Nucl.Phys.",
      volume         = "B182",
      pages          = "477",
      doi            = "10.1016/0550-3213(81)90131-0",
      year           = "1981",
}

@Article{Alekseev:1998mc,
     author    = "Alekseev, Anton Yu. and Schomerus, Volker",
     title     = "{D-branes in the WZW model}",
     journal   = "Phys. Rev.",
     volume    = "D60",
     year      = "1999",
     pages     = "061901",
     eprint    = "hep-th/9812193",
     archivePrefix = "arXiv",
     doi       = "10.1103/PhysRevD.60.061901",
     SLACcitation  = "%%CITATION = HEP-TH/9812193;%%"
}

@Article{Correa:2008av,
     author    = "Correa, D. H. and Young, C. A. S.",
     title     = "{Reflecting magnons from D7 and D5 branes}",
     journal   = "J. Phys.",
     volume    = "A41",
     year      = "2008",
     pages     = "455401",
     eprint    = "0808.0452",
     archivePrefix = "arXiv",
     primaryClass  =  "hep-th",
     doi       = "10.1088/1751-8113/41/45/455401",
     SLACcitation  = "%%CITATION = 0808.0452;%%"
}

@Article{Karch:2000gx,
     author    = "Karch, Andreas and Randall, Lisa",
     title     = "{Open and closed string interpretation of SUSY CFT's on
                  branes with  boundaries}",
     journal   = "JHEP",
     volume    = "06",
     year      = "2001",
     pages     = "063",
     eprint    = "hep-th/0105132",
     archivePrefix = "arXiv",
     SLACcitation  = "%%CITATION = HEP-TH/0105132;%%"
}

@Article{Correa:2011nz,
     author    = "Correa, Diego H. and Regelskis, Vidas and Young, Charles A.
                  S.",
     title     = "{Integrable achiral D5-brane reflections and asymptotic
                  Bethe equations}",
     year      = "2011",
     eprint    = "1105.3707",
     archivePrefix = "arXiv",
     primaryClass  =  "hep-th",
     SLACcitation  = "%%CITATION = 1105.3707;%%"
}


@Article{MacKay:2011zs,
     author    = "MacKay, Niall and Regelskis, Vidas",
     title     = "{Achiral boundaries and the twisted Yangian of the D5-
                  brane}",
     year      = "2011",
     eprint    = "1105.4128",
     archivePrefix = "arXiv",
     primaryClass  =  "hep-th",
     SLACcitation  = "%%CITATION = 1105.4128;%%"
}

@Article{Regelskis:2011fa,
     author    = "Regelskis, Vidas",
     title     = "{The secret symmetries of the AdS/CFT reflection
                  matrices}",
     year      = "2011",
     eprint    = "1105.4497",
     archivePrefix = "arXiv",
     primaryClass  =  "hep-th",
     SLACcitation  = "%%CITATION = 1105.4497;%%"
}


@Article{MacKay:2001bh,
     author    = "MacKay, N. J. and Short, B. J.",
     title     = "{Boundary scattering, symmetric spaces and the principal
                  chiral model on  the half-line}",
     journal   = "Commun. Math. Phys.",
     volume    = "233",
     year      = "2003",
     pages     = "313-354",
     eprint    = "hep-th/0104212",
     archivePrefix = "arXiv",
     doi       = "10.1007/s00220-002-0735-y",
     SLACcitation  = "%%CITATION = HEP-TH/0104212;%%"
}

@ARTICLE{1985IzMat..24..539S,
   author = {{Serganova}, V.~V.},
    title = "{Automorphisms of Simple Lie Superalgebras}",
  journal = {Izvestiya: Mathematics},
     year = 1985,
    month = jun,
   volume = 24,
    pages = {539-551},
      doi = {10.1070/IM1985v024n03ABEH001250},
   adsurl = {http://adsabs.harvard.edu/abs/1985IzMat..24..539S},
  adsnote = {Provided by the SAO/NASA Astrophysics Data System}
}


@Article{Bowcock:1995vp,
     author    = "Bowcock, P. and Corrigan, Edward and Dorey, P. E. and
                  Rietdijk, R. H.",
     title     = "{Classically integrable boundary conditions for affine Toda
                  field theories}",
     journal   = "Nucl. Phys.",
     volume    = "B445",
     year      = "1995",
     pages     = "469-500",
     eprint    = "hep-th/9501098",
     archivePrefix = "arXiv",
     doi       = "10.1016/0550-3213(95)00153-J",
     SLACcitation  = "%%CITATION = HEP-TH/9501098;%%"
}

@Article{Corrigan:1996nt,
     author    = "Corrigan, Edward and Sheng, Z-M.",
     title     = "{Classical integrability of the O(N) nonlinear sigma model
                  on a  half-line}",
     journal   = "Int. J. Mod. Phys.",
     volume    = "A12",
     year      = "1997",
     pages     = "2825-2834",
     eprint    = "hep-th/9612150",
     archivePrefix = "arXiv",
     doi       = "10.1142/S0217751X97001560",
     SLACcitation  = "%%CITATION = HEP-TH/9612150;%%"
}


@article{Sklyanin:1987bi,
      author         = "Sklyanin, E.K.",
      title          = "{Boundary conditions for integrable equations}",
      journal        = "Funct.Anal.Appl.",
      volume         = "21",
      pages          = "164-166",
      year           = "1987",
}

@article{Sklyanin:1988yz,
      author         = "Sklyanin, E.K.",
      title          = "{Boundary Conditions for Integrable Quantum Systems}",
      journal        = "J.Phys.A",
      volume         = "A21",
      pages          = "2375",
      doi            = "10.1088/0305-4470/21/10/015",
      year           = "1988",
}


@Article{Beisert:2005bm,
     author    = "Beisert, N. and Kazakov, V. A. and Sakai, K. and Zarembo,
                  K.",
     title     = "{The algebraic curve of classical superstrings on $AdS_5\times S^5$}",
     journal   = "Commun. Math. Phys.",
     volume    = "263",
     year      = "2006",
     pages     = "659-710",
     eprint    = "hep-th/0502226",
     archivePrefix = "arXiv",
     doi       = "10.1007/s00220-006-1529-4",
     SLACcitation  = "%%CITATION = HEP-TH/0502226;%%"
}


@article{Ishibashi:1988kg,
      author         = "Ishibashi, Nobuyuki",
      title          = "{The Boundary and Crosscap States in Conformal Field
                        Theories}",
      journal        = "Mod.Phys.Lett.",
      volume         = "A4",
      pages          = "251",
      doi            = "10.1142/S0217732389000320",
      year           = "1989",
}


@article{Recknagel:1997sb,
      author         = "Recknagel, A. and Schomerus, V.",
      title          = "{D-branes in Gepner models}",
      journal        = "Nucl.Phys.",
      volume         = "B531",
      pages          = "185-225",
      doi            = "10.1016/S0550-3213(98)00468-4",
      year           = "1998",
      eprint         = "hep-th/9712186",
      archivePrefix  = "arXiv",
      primaryClass   = "hep-th",
}

@article{Creutzig:2007jy,
      author         = "Creutzig, Thomas and Quella, Thomas and Schomerus,
                        Volker",
      title          = "{Branes in the GL(1|1) WZNW-Model}",
      journal        = "Nucl.Phys.",
      volume         = "B792",
      pages          = "257-283",
      doi            = "10.1016/j.nuclphysb.2007.09.014",
      year           = "2008",
      eprint         = "0708.0583",
      archivePrefix  = "arXiv",
      primaryClass   = "hep-th",
}

@article{Creutzig:2008ag,
      author         = "Creutzig, Thomas",
      title          = "{Geometry of branes on supergroups}",
      journal        = "Nucl.Phys.",
      volume         = "B812",
      pages          = "301-321",
      doi            = "10.1016/j.nuclphysb.2008.10.006",
      year           = "2009",
      eprint         = "0809.0468",
      archivePrefix  = "arXiv",
      primaryClass   = "hep-th",
}

@article{Berenstein:2005vf,
      author         = "Berenstein, David and Vazquez, Samuel E.",
      title          = "{Integrable open spin chains from giant gravitons}",
      journal        = "JHEP",
      volume         = "0506",
      pages          = "059",
      doi            = "10.1088/1126-6708/2005/06/059",
      year           = "2005",
      eprint         = "hep-th/0501078",
      archivePrefix  = "arXiv",
      primaryClass   = "hep-th",
}

@article{Berenstein:2005fa,
      author         = "Berenstein, David and Correa, Diego H. and Vazquez,
                        Samuel E.",
      title          = "{Quantizing open spin chains with variable length: An
                        Example from giant gravitons}",
      journal        = "Phys.Rev.Lett.",
      volume         = "95",
      pages          = "191601",
      doi            = "10.1103/PhysRevLett.95.191601",
      year           = "2005",
      eprint         = "hep-th/0502172",
      archivePrefix  = "arXiv",
      primaryClass   = "hep-th",
}

@article{Berenstein:2006qk,
      author         = "Berenstein, David and Correa, Diego H. and Vazquez,
                        Samuel E.",
      title          = "{A Study of open strings ending on giant gravitons, spin
                        chains and integrability}",
      journal        = "JHEP",
      volume         = "0609",
      pages          = "065",
      doi            = "10.1088/1126-6708/2006/09/065",
      year           = "2006",
      eprint         = "hep-th/0604123",
      archivePrefix  = "arXiv",
      primaryClass   = "hep-th",
}

@article{Hofman:2007xp,
      author         = "Hofman, Diego M. and Maldacena, Juan Martin",
      title          = "{Reflecting magnons}",
      journal        = "JHEP",
      volume         = "0711",
      pages          = "063",
      doi            = "10.1088/1126-6708/2007/11/063",
      year           = "2007",
      eprint         = "0708.2272",
      archivePrefix  = "arXiv",
      primaryClass   = "hep-th",
}

@article{Ahn:2010xa,
      author         = "Ahn, Changrim and Nepomechie, Rafael I.",
      title          = "{Yangian symmetry and bound states in AdS/CFT boundary
                        scattering}",
      journal        = "JHEP",
      volume         = "1005",
      pages          = "016",
      doi            = "10.1007/JHEP05(2010)016",
      year           = "2010",
      eprint         = "1003.3361",
      archivePrefix  = "arXiv",
      primaryClass   = "hep-th",
}

@article{MacKay:2010ey,
      author         = "MacKay, Niall and Regelskis, Vidas",
      title          = "{Yangian symmetry of the Y=0 maximal giant graviton}",
      journal        = "JHEP",
      volume         = "1012",
      pages          = "076",
      doi            = "10.1007/JHEP12(2010)076",
      year           = "2010",
      eprint         = "1010.3761",
      archivePrefix  = "arXiv",
      primaryClass   = "hep-th",
}

@article{MacKay:2010zb,
      author         = "MacKay, Niall and Regelskis, Vidas",
      title          = "{On the reflection of magnon bound states}",
      journal        = "JHEP",
      volume         = "1008",
      pages          = "055",
      doi            = "10.1007/JHEP08(2010)055",
      year           = "2010",
      eprint         = "1006.4102",
      archivePrefix  = "arXiv",
      primaryClass   = "hep-th",
}

@article{Palla:2011eu,
      author         = "Palla, Laszlo",
      title          = "{Yangian symmetry of boundary scattering in AdS/CFT and
                        the explicit form of bound state reflection matrices}",
      journal        = "JHEP",
      volume         = "1103",
      pages          = "110",
      doi            = "10.1007/JHEP03(2011)110",
      year           = "2011",
      eprint         = "1102.0122",
      archivePrefix  = "arXiv",
      primaryClass   = "hep-th",
}




@Book{Faddeev:1987ph,
      author         = "Faddeev, L.D. and Takhtajan, L.A.",
      title          = "{Hamiltonian Methods In The Theory Of Solitons}",
      publisher      = "Springer Series In Soviet Mathematics",
      year           = "1987",
      pages          = "592",
}


@article{Zoubos:2010kh,
      author         = "Zoubos, Konstantinos",
      title          = "{Review of AdS/CFT Integrability, Chapter IV.2:
                        Deformations, Orbifolds and Open Boundaries}",
      journal        = "Lett.Math.Phys.",
      volume         = "99",
      pages          = "375-400",
      doi            = "10.1007/s11005-011-0515-8",
      year           = "2012",
      eprint         = "1012.3998",
      archivePrefix  = "arXiv",
      primaryClass   = "hep-th",
      SLACcitation   = "%%CITATION = ARXIV:1012.3998;%%",
}


@Article{DeWolfe:2004zt,
     author    = "DeWolfe, Oliver and Mann, Nelia",
     title     = "{Integrable open spin chains in defect conformal field
                  theory}",
     journal   = "JHEP",
     volume    = "04",
     year      = "2004",
     pages     = "035",
     eprint    = "hep-th/0401041",
     archivePrefix = "arXiv",
     doi       = "10.1088/1126-6708/2004/04/035",
     SLACcitation  = "%%CITATION = HEP-TH/0401041;%%"
}


@Article{Dekel:2011ja,
     author    = "Dekel, Amit and Oz, Yaron",
     title     = "{Integrability of Green-Schwarz Sigma Models with
                  Boundaries}",
     journal   = "JHEP",
     volume    = "08",
     year      = "2011",
     pages     = "004",
     eprint    = "1106.3446",
     archivePrefix = "arXiv",
     primaryClass  =  "hep-th",
     doi       = "10.1007/JHEP08(2011)004",
     SLACcitation  = "%%CITATION = 1106.3446;%%"
}


@Article{Dekel:2011qw,
     author    = "Dekel, Amit and Oz, Yaron",
     title     = "{Self-Duality of Green-Schwarz Sigma-Models}",
     journal   = "JHEP",
     volume    = "03",
     year      = "2011",
     pages     = "117",
     eprint    = "1101.0400",
     archivePrefix = "arXiv",
     primaryClass  =  "hep-th",
     doi       = "10.1007/JHEP03(2011)117",
     SLACcitation  = "%%CITATION = 1101.0400;%%"
}


@Article{Komargodski:2007er,
     author    = "Komargodski, Zohar and Razamat, Shlomo S.",
     title     = "{Planar quark scattering at strong coupling and
                  universality}",
     journal   = "JHEP",
     volume    = "01",
     year      = "2008",
     pages     = "044",
     eprint    = "0707.4367",
     archivePrefix = "arXiv",
     primaryClass  =  "hep-th",
     doi       = "10.1088/1126-6708/2008/01/044",
     SLACcitation  = "%%CITATION = 0707.4367;%%"
}
@Article{McGreevy:2007kt,
     author    = "McGreevy, John and Sever, Amit",
     title     = "{Quark scattering amplitudes at strong coupling}",
     journal   = "JHEP",
     volume    = "02",
     year      = "2008",
     pages     = "015",
     eprint    = "0710.0393",
     archivePrefix = "arXiv",
     primaryClass  =  "hep-th",
     doi       = "10.1088/1126-6708/2008/02/015",
     SLACcitation  = "%%CITATION = 0710.0393;%%"
}

@article{Henn:2008xs,
      author         = "Henn, Johannes M.",
      title          = "{Duality between Wilson Loops and Scattering Amplitudes}",
      journal        = "Acta Phys.Polon.",
      volume         = "B39",
      pages          = "3117-3126",
      year           = "2008",
      eprint         = "0810.3849",
      archivePrefix  = "arXiv",
      primaryClass   = "hep-th",
}



@article{Chen:2011vv,
      author         = "Chen, Wei-Ming and Huang, Yu-tin",
      title          = "{Dualities for Loop Amplitudes of N=6 Chern-Simons Matter
                        Theory}",
      journal        = "JHEP",
      volume         = "1111",
      pages          = "057",
      doi            = "10.1007/JHEP11(2011)057",
      year           = "2011",
      eprint         = "1107.2710",
      archivePrefix  = "arXiv",
      primaryClass   = "hep-th",
      reportNumber   = "UCLA-TEP-11-109",
      SLACcitation   = "%%CITATION = ARXIV:1107.2710;%%",
}


@article{Bianchi:2011dg,
      author         = "Bianchi, Marco S. and Leoni, Matias and Mauri, Andrea and
                        Penati, Silvia and Santambrogio, Alberto",
      title          = "{Scattering Amplitudes/Wilson Loop Duality In ABJM
                        Theory}",
      journal        = "JHEP",
      volume         = "1201",
      pages          = "056",
      doi            = "10.1007/JHEP01(2012)056",
      year           = "2012",
      eprint         = "1107.3139",
      archivePrefix  = "arXiv",
      primaryClass   = "hep-th",
      reportNumber   = "FUM-480-FT",
      SLACcitation   = "%%CITATION = ARXIV:1107.3139;%%",
}


@article{Bianchi:2011fc,
      author         = "Bianchi, Marco S. and Leoni, Matias and Mauri, Andrea and
                        Penati, Silvia and Santambrogio, Alberto",
      title          = "{Scattering in ABJ theories}",
      year           = "2011",
      eprint         = "1110.0738",
      archivePrefix  = "arXiv",
      primaryClass   = "hep-th",
}


@article{Kawaguchi:2011wt,
      author         = "Kawaguchi, Io and Yoshida, Kentaroh",
      title          = "{Classical integrability of Schrodinger sigma models and
                        q-deformed Poincare symmetry}",
      journal        = "JHEP",
      volume         = "1111",
      pages          = "094",
      doi            = "10.1007/JHEP11(2011)094",
      year           = "2011",
      eprint         = "1109.0872",
      archivePrefix  = "arXiv",
      primaryClass   = "hep-th",
      reportNumber   = "KUNS-2363",
      SLACcitation   = "%%CITATION = ARXIV:1109.0872;%%",
}


@article{Forde:2007mi,
      author         = "Forde, Darren",
      title          = "{Direct extraction of one-loop integral coefficients}",
      journal        = "Phys.Rev.",
      volume         = "D75",
      pages          = "125019",
      doi            = "10.1103/PhysRevD.75.125019",
      year           = "2007",
      eprint         = "0704.1835",
      archivePrefix  = "arXiv",
      primaryClass   = "hep-ph",
}

@article{Parke:1985pn,
      author         = "Parke, Stephen J. and Taylor, T.R.",
      title          = "{Perturbative QCD Utilizing Extended Supersymmetry}",
      journal        = "Phys.Lett.",
      volume         = "B157",
      pages          = "81",
      doi            = "10.1016/0370-2693(85)91216-X,
                        10.1016/0370-2693(85)91216-X",
      year           = "1985",
      reportNumber   = "FERMILAB-PUB-85-031-T",
      SLACcitation   = "%%CITATION = PHLTA,B157,81;%%",
}

@article{Creutzig:2009zz,
      author         = "Creutzig, Thomas",
      title          = "{Branes in supergroups}",
      year           = "2009",
      note           = "Ph.D. Thesis",
      eprint         = "0908.1816",
      archivePrefix  = "arXiv",
      primaryClass   = "hep-th",
      reportNumber   = "DESY-THESIS-2009-018",
      SLACcitation   = "%%CITATION = ARXIV:0908.1816;%%",
}

@incollection{Rittenberg,
   author = {Rittenberg, V.},
   affiliation = {Rockefeller University 10021 New York N.Y. 10021 New York N.Y.},
   title = {A guide to Lie superalgebras},
   booktitle = {Group Theoretical Methods in Physics},
   series = {Lecture Notes in Physics},
   editor = {Kramer, P. and Rieckers, A.},
   publisher = {Springer Berlin / Heidelberg},
   isbn = {978-3-540-08848-6},
   keyword = {Physics and Astronomy},
   pages = {3-21},
   volume = {79},
   url = {http://dx.doi.org/10.1007/3-540-08848-2_1},
   year = {1978}
}

@article{Ramond:1983nh,
      author         = "Ramond, Pierre",
      title          = "{Supersymmetry in physics: An algebraic overview}",
      journal        = "Physica",
      volume         = "15D",
      pages          = "25",
      year           = "1985",
      reportNumber   = "UFTP-84-1, C83-12-14, DOE-ER-40008-56",
      SLACcitation   = "%%CITATION = PHYSA,15D,25;%%",
}


@article{Giveon:1994fu,
      author         = "Giveon, Amit and Porrati, Massimo and Rabinovici,
                        Eliezer",
      title          = "{Target space duality in string theory}",
      journal        = "Phys.Rept.",
      volume         = "244",
      pages          = "77-202",
      doi            = "10.1016/0370-1573(94)90070-1",
      year           = "1994",
      eprint         = "hep-th/9401139",
      archivePrefix  = "arXiv",
      primaryClass   = "hep-th",
      reportNumber   = "RI-1-94, NYU-TH-94-01-01",
      SLACcitation   = "%%CITATION = HEP-TH/9401139;%%",
}




@article{Aharony:1999ti,
      author         = "Aharony, Ofer and Gubser, Steven S. and Maldacena, Juan
                        Martin and Ooguri, Hirosi and Oz, Yaron",
      title          = "{Large N field theories, string theory and gravity}",
      journal        = "Phys.Rept.",
      volume         = "323",
      pages          = "183-386",
      doi            = "10.1016/S0370-1573(99)00083-6",
      year           = "2000",
      eprint         = "hep-th/9905111",
      archivePrefix  = "arXiv",
      primaryClass   = "hep-th",
      reportNumber   = "CERN-TH-99-122, HUTP-99-A027, LBNL-43113, RU-99-18,
                        UCB-PTH-99-16, LBL-43113",
      SLACcitation   = "%%CITATION = HEP-TH/9905111;%%",
}


@article{'tHooft:1973jz,
      author         = "'t Hooft, Gerard",
      title          = "{A Planar Diagram Theory for Strong Interactions}",
      journal        = "Nucl.Phys.",
      volume         = "B72",
      pages          = "461",
      doi            = "10.1016/0550-3213(74)90154-0",
      year           = "1974",
      reportNumber   = "CERN-TH-1786",
      SLACcitation   = "%%CITATION = NUPHA,B72,461;%%",
}


@article{Mandelstam:1982cb,
      author         = "Mandelstam, Stanley",
      title          = "{Light Cone Superspace and the Ultraviolet Finiteness of
                        the N=4 Model}",
      journal        = "Nucl.Phys.",
      volume         = "B213",
      pages          = "149-168",
      doi            = "10.1016/0550-3213(83)90179-7",
      year           = "1983",
      reportNumber   = "UCB-PTH-82-15",
      SLACcitation   = "%%CITATION = NUPHA,B213,149;%%",
}
@article{Brink:1982wv,
      author         = "Brink, Lars and Lindgren, Olof and Nilsson, Bengt E.W.",
      title          = "{The Ultraviolet Finiteness of the N=4 Yang-Mills
                        Theory}",
      journal        = "Phys.Lett.",
      volume         = "B123",
      pages          = "323",
      doi            = "10.1016/0370-2693(83)91210-8",
      year           = "1983",
      reportNumber   = "UTTG-1-82",
      SLACcitation   = "%%CITATION = PHLTA,B123,323;%%",
}

@article{Beisert:2004ry,
      author         = "Beisert, Niklas",
      title          = "{The Dilatation operator of N=4 super Yang-Mills theory
                        and integrability}",
      journal        = "Phys.Rept.",
      volume         = "405",
      pages          = "1-202",
      doi            = "10.1016/j.physrep.2004.09.007",
      year           = "2005",
      eprint         = "hep-th/0407277",
      archivePrefix  = "arXiv",
      primaryClass   = "hep-th",
      reportNumber   = "AEI-2004-057",
      SLACcitation   = "%%CITATION = HEP-TH/0407277;%%",
}


@article{Gliozzi:1976qd,
      author         = "Gliozzi, F. and Scherk, Joel and Olive, David I.",
      title          = "{Supersymmetry, Supergravity Theories and the Dual Spinor
                        Model}",
      journal        = "Nucl.Phys.",
      volume         = "B122",
      pages          = "253-290",
      doi            = "10.1016/0550-3213(77)90206-1",
      year           = "1977",
      reportNumber   = "CERN-TH-2253",
      SLACcitation   = "%%CITATION = NUPHA,B122,253;%%",
}

@article{Brink:1976bc,
      author         = "Brink, Lars and Schwarz, John H. and Scherk, Joel",
      title          = "{Supersymmetric Yang-Mills Theories}",
      journal        = "Nucl.Phys.",
      volume         = "B121",
      pages          = "77",
      doi            = "10.1016/0550-3213(77)90328-5",
      year           = "1977",
      reportNumber   = "CALT-68-574",
      SLACcitation   = "%%CITATION = NUPHA,B121,77;%%",
}

@article{Klose:2010ki,
      author         = "Klose, Thomas",
      title          = "{Review of AdS/CFT Integrability, Chapter IV.3: N=6
                        Chern-Simons and Strings on $AdS_4\times CP^3$}",
      journal        = "Lett.Math.Phys.",
      volume         = "99",
      pages          = "401-423",
      year           = "2012",
      eprint         = "1012.3999",
      archivePrefix  = "arXiv",
      primaryClass   = "hep-th",
      reportNumber   = "UUITP-37-10",
      SLACcitation   = "%%CITATION = ARXIV:1012.3999;%%",
}

@article{Klebanov:2009sg,
      author         = "Klebanov, Igor R. and Torri, Giuseppe",
      title          = "{M2-branes and AdS/CFT}",
      journal        = "Int.J.Mod.Phys.",
      volume         = "A25",
      pages          = "332-350",
      doi            = "10.1142/S0217751X10048652",
      year           = "2010",
      eprint         = "0909.1580",
      archivePrefix  = "arXiv",
      primaryClass   = "hep-th",
      SLACcitation   = "%%CITATION = ARXIV:0909.1580;%%",
}


@article{Beisert:2010jr,
      author         = "Beisert, Niklas and Ahn, Changrim and Alday, Luis F. and
                        Bajnok, Zoltan and Drummond, James M. and others",
      title          = "{Review of AdS/CFT Integrability: An Overview}",
      journal        = "Lett.Math.Phys.",
      volume         = "99",
      pages          = "3-32",
      doi            = "10.1007/s11005-011-0529-2",
      year           = "2012",
      eprint         = "1012.3982",
      archivePrefix  = "arXiv",
      primaryClass   = "hep-th",
      reportNumber   = "AEI-2010-175, CERN-PH-TH-2010-306, HU-EP-10-87,
                        HU-MATH-2010-22, KCL-MTH-10-10, UMTG-270, UUITP-41-10",
      SLACcitation   = "%%CITATION = ARXIV:1012.3982;%%",
}


@article{Kazakov:2004qf,
      author         = "Kazakov, V.A. and Marshakov, A. and Minahan, J.A. and
                        Zarembo, K.",
      title          = "{Classical/quantum integrability in AdS/CFT}",
      journal        = "JHEP",
      volume         = "0405",
      pages          = "024",
      doi            = "10.1088/1126-6708/2004/05/024",
      year           = "2004",
      eprint         = "hep-th/0402207",
      archivePrefix  = "arXiv",
      primaryClass   = "hep-th",
      reportNumber   = "LPTENS-04-09, FIAN-TD-04-04, MPG-ITEP-11-04,
                        IHES-P-04-05, UUITP-05-04, CTP-MIT-3472",
      SLACcitation   = "%%CITATION = HEP-TH/0402207;%%",
}


@article{ArkaniHamed:2009si,
      author         = "Arkani-Hamed, Nima and Cachazo, Freddy and Cheung,
                        Clifford and Kaplan, Jared",
      title          = "{The S-Matrix in Twistor Space}",
      journal        = "JHEP",
      volume         = "1003",
      pages          = "110",
      doi            = "10.1007/JHEP03(2010)110",
      year           = "2010",
      eprint         = "0903.2110",
      archivePrefix  = "arXiv",
      primaryClass   = "hep-th",
      SLACcitation   = "%%CITATION = ARXIV:0903.2110;%%",
}

@article{ArkaniHamed:2008gz,
      author         = "Arkani-Hamed, Nima and Cachazo, Freddy and Kaplan, Jared",
      title          = "{What is the Simplest Quantum Field Theory?}",
      journal        = "JHEP",
      volume         = "1009",
      pages          = "016",
      doi            = "10.1007/JHEP09(2010)016",
      year           = "2010",
      eprint         = "0808.1446",
      archivePrefix  = "arXiv",
      primaryClass   = "hep-th",
      SLACcitation   = "%%CITATION = ARXIV:0808.1446;%%",
}


@article{Witten:1998qj,
      author         = "Witten, Edward",
      title          = "{Anti-de Sitter space and holography}",
      journal        = "Adv.Theor.Math.Phys.",
      volume         = "2",
      pages          = "253-291",
      year           = "1998",
      eprint         = "hep-th/9802150",
      archivePrefix  = "arXiv",
      primaryClass   = "hep-th",
      reportNumber   = "IASSNS-HEP-98-15",
      SLACcitation   = "%%CITATION = HEP-TH/9802150;%%",
}

@article{Gubser:1998bc,
      author         = "Gubser, S.S. and Klebanov, Igor R. and Polyakov,
                        Alexander M.",
      title          = "{Gauge theory correlators from noncritical string
                        theory}",
      journal        = "Phys.Lett.",
      volume         = "B428",
      pages          = "105-114",
      doi            = "10.1016/S0370-2693(98)00377-3",
      year           = "1998",
      eprint         = "hep-th/9802109",
      archivePrefix  = "arXiv",
      primaryClass   = "hep-th",
      reportNumber   = "PUPT-1767",
      SLACcitation   = "%%CITATION = HEP-TH/9802109;%%",
}


@article{Beisert:2005fw,
      author         = "Beisert, Niklas and Staudacher, Matthias",
      title          = "{Long-range psu$(2,2|4)$ Bethe Ansatze for gauge theory and
                        strings}",
      journal        = "Nucl.Phys.",
      volume         = "B727",
      pages          = "1-62",
      doi            = "10.1016/j.nuclphysb.2005.06.038",
      year           = "2005",
      eprint         = "hep-th/0504190",
      archivePrefix  = "arXiv",
      primaryClass   = "hep-th",
      reportNumber   = "AEI-2005-092, PUTP-2159",
      SLACcitation   = "%%CITATION = HEP-TH/0504190;%%",
}

@article{Beisert:2005tm,
      author         = "Beisert, Niklas",
      title          = "{The SU$(2|2)$ dynamic S-matrix}",
      journal        = "Adv.Theor.Math.Phys.",
      volume         = "12",
      pages          = "945",
      year           = "2008",
      eprint         = "hep-th/0511082",
      archivePrefix  = "arXiv",
      primaryClass   = "hep-th",
      reportNumber   = "PUTP-2181, NSF-KITP-05-92",
      SLACcitation   = "%%CITATION = HEP-TH/0511082;%%",
}

@article{Beisert:2006ez,
      author         = "Beisert, Niklas and Eden, Burkhard and Staudacher,
                        Matthias",
      title          = "{Transcendentality and Crossing}",
      journal        = "J.Stat.Mech.",
      volume         = "0701",
      pages          = "P01021",
      doi            = "10.1088/1742-5468/2007/01/P01021",
      year           = "2007",
      eprint         = "hep-th/0610251",
      archivePrefix  = "arXiv",
      primaryClass   = "hep-th",
      reportNumber   = "AEI-2006-079, ITP-UU-06-44, SPIN-06-34",
      SLACcitation   = "%%CITATION = HEP-TH/0610251;%%",
}

@article{Janik:2006dc,
      author         = "Janik, Romuald A.",
      title          = "{The $AdS_5\times S^5$ superstring worldsheet S-matrix and
                        crossing symmetry}",
      journal        = "Phys.Rev.",
      volume         = "D73",
      pages          = "086006",
      doi            = "10.1103/PhysRevD.73.086006",
      year           = "2006",
      eprint         = "hep-th/0603038",
      archivePrefix  = "arXiv",
      primaryClass   = "hep-th",
      SLACcitation   = "%%CITATION = HEP-TH/0603038;%%",
}

@article{Beisert:2006ib,
      author         = "Beisert, Niklas and Hernandez, Rafael and Lopez,
                        Esperanza",
      title          = "{A Crossing-symmetric phase for $AdS_5\times S^5$ strings}",
      journal        = "JHEP",
      volume         = "0611",
      pages          = "070",
      doi            = "10.1088/1126-6708/2006/11/070",
      year           = "2006",
      eprint         = "hep-th/0609044",
      archivePrefix  = "arXiv",
      primaryClass   = "hep-th",
      reportNumber   = "AEI-2006-068, CERN-PH-TH-2006-176, IFT-UAM-CSIC-06-44,
                        PUTP-2208",
      SLACcitation   = "%%CITATION = HEP-TH/0609044;%%",
}

@article{Zamolodchikov:1989cf,
      author         = "Zamolodchikov, A.B.",
      title          = "{Thermodynamic Bethe ansatz in relativistic models: Scaling 3-state potts and Lee-Yang models}",
      journal        = "Nucl.Phys.",
      volume         = "B342",
      pages          = "695-720",
      doi            = "10.1016/0550-3213(90)90333-9",
      year           = "1990",
      reportNumber   = "ITEP-89-144",
      SLACcitation   = "%%CITATION = NUPHA,B342,695;%%",
}


@article{Zamolodchikov:1991et,
      author         = "Zamolodchikov, Alexei B.",
      title          = "{On the thermodynamic Bethe ansatz equations for
                        reflectionless ADE scattering theories}",
      journal        = "Phys.Lett.",
      volume         = "B253",
      pages          = "391-394",
      doi            = "10.1016/0370-2693(91)91737-G",
      year           = "1991",
      SLACcitation   = "%%CITATION = PHLTA,B253,391;%%",
}


@article{Ambjorn:2005wa,
      author         = "Ambjorn, Jan and Janik, Romuald A. and Kristjansen,
                        Charlotte",
      title          = "{Wrapping interactions and a new source of corrections to
                        the spin-chain/string duality}",
      journal        = "Nucl.Phys.",
      volume         = "B736",
      pages          = "288-301",
      doi            = "10.1016/j.nuclphysb.2005.12.007",
      year           = "2006",
      eprint         = "hep-th/0510171",
      archivePrefix  = "arXiv",
      primaryClass   = "hep-th",
      reportNumber   = "NORDITA-2005-67",
      SLACcitation   = "%%CITATION = HEP-TH/0510171;%%",
}

@article{Luscher:1985dn,
      author         = "Luscher, M.",
      title          = "{Volume Dependence of the Energy Spectrum in Massive
                        Quantum Field Theories. 1. Stable Particle States}",
      journal        = "Commun.Math.Phys.",
      volume         = "104",
      pages          = "177",
      doi            = "10.1007/BF01211589",
      year           = "1986",
      reportNumber   = "DESY 85/144",
      SLACcitation   = "%%CITATION = CMPHA,104,177;%%",
}

@article{Bajnok:2008bm,
      author         = "Bajnok, Zoltan and Janik, Romuald A.",
      title          = "{Four-loop perturbative Konishi from strings and finite
                        size effects for multiparticle states}",
      journal        = "Nucl.Phys.",
      volume         = "B807",
      pages          = "625-650",
      doi            = "10.1016/j.nuclphysb.2008.08.020",
      year           = "2009",
      eprint         = "0807.0399",
      archivePrefix  = "arXiv",
      primaryClass   = "hep-th",
      SLACcitation   = "%%CITATION = ARXIV:0807.0399;%%",
}

@article{Gromov:2009tv,
      author         = "Gromov, Nikolay and Kazakov, Vladimir and Vieira, Pedro",
      title          = "{Exact Spectrum of Anomalous Dimensions of Planar N=4
                        Supersymmetric Yang-Mills Theory}",
      journal        = "Phys.Rev.Lett.",
      volume         = "103",
      pages          = "131601",
      doi            = "10.1103/PhysRevLett.103.131601",
      year           = "2009",
      eprint         = "0901.3753",
      archivePrefix  = "arXiv",
      primaryClass   = "hep-th",
      reportNumber   = "DESY-09-018",
      SLACcitation   = "%%CITATION = ARXIV:0901.3753;%%",
}

@article{Arutyunov:2007tc,
      author         = "Arutyunov, Gleb and Frolov, Sergey",
      title          = "{On String S-matrix, Bound States and TBA}",
      journal        = "JHEP",
      volume         = "0712",
      pages          = "024",
      doi            = "10.1088/1126-6708/2007/12/024",
      year           = "2007",
      eprint         = "0710.1568",
      archivePrefix  = "arXiv",
      primaryClass   = "hep-th",
      reportNumber   = "ITP-UU-07-50, SPIN-07-37, TCDMATH-07-15",
      SLACcitation   = "%%CITATION = ARXIV:0710.1568;%%",
}

@article{Arutyunov:2009zu,
      author         = "Arutyunov, Gleb and Frolov, Sergey",
      title          = "{String hypothesis for the $AdS_5\times S^5$ mirror}",
      journal        = "JHEP",
      volume         = "0903",
      pages          = "152",
      doi            = "10.1088/1126-6708/2009/03/152",
      year           = "2009",
      eprint         = "0901.1417",
      archivePrefix  = "arXiv",
      primaryClass   = "hep-th",
      reportNumber   = "ITP-UU-09-02, SPIN-09-02, TCDMATH-09-01",
      SLACcitation   = "%%CITATION = ARXIV:0901.1417;%%",
}

@Book{Sutherland:2004,
      author         = "Bill Sutherland",
      title          = "{Beautiful Models: 70 Years of Exactly Solved Quantum Many-Body Problems}",
      publisher      = "World Scientific",
      year           = "2004",
      pages          = "381",
}

@article{Bethe:1931hc,
      author         = "Bethe, H.",
      title          = "{On the theory of metals. 1. Eigenvalues and
                        eigenfunctions for the linear atomic chain}",
      journal        = "Z.Phys.",
      volume         = "71",
      pages          = "205-226",
      year           = "1931",
      SLACcitation   = "%%CITATION = ZEPYA,71,205;%%",
}

@article{Faddeev:1996iy,
      author         = "Faddeev, L.D.",
      title          = "{How algebraic Bethe ansatz works for integrable model}",
      pages          = "pp. 149-219",
      year           = "1996",
      eprint         = "hep-th/9605187",
      archivePrefix  = "arXiv",
      primaryClass   = "hep-th",
      SLACcitation   = "%%CITATION = HEP-TH/9605187;%%",
}


@article{Drummond:2008cr,
      author         = "Drummond, J.M. and Henn, J.M.",
      title          = "{All tree-level amplitudes in N=4 SYM}",
      journal        = "JHEP",
      volume         = "0904",
      pages          = "018",
      doi            = "10.1088/1126-6708/2009/04/018",
      year           = "2009",
      eprint         = "0808.2475",
      archivePrefix  = "arXiv",
      primaryClass   = "hep-th",
      reportNumber   = "LAPTH-1267-08",
      SLACcitation   = "%%CITATION = ARXIV:0808.2475;%%",
}

@article{Bern:1994zx,
      author         = "Bern, Zvi and Dixon, Lance J. and Dunbar, David C. and
                        Kosower, David A.",
      title          = "{One loop n point gauge theory amplitudes, unitarity and
                        collinear limits}",
      journal        = "Nucl.Phys.",
      volume         = "B425",
      pages          = "217-260",
      year           = "1994",
      eprint         = "hep-ph/9403226",
      archivePrefix  = "arXiv",
      primaryClass   = "hep-ph",
      reportNumber   = "SLAC-PUB-6415, SACLAY-SPH-T-94-20, UCLA-TEP-94-4,
                        SWAT-94-17",
      SLACcitation   = "%%CITATION = HEP-PH/9403226;%%",
}

@article{Maldacena:1998im,
      author         = "Maldacena, Juan Martin",
      title          = "{Wilson loops in large N field theories}",
      journal        = "Phys.Rev.Lett.",
      volume         = "80",
      pages          = "4859-4862",
      doi            = "10.1103/PhysRevLett.80.4859",
      year           = "1998",
      eprint         = "hep-th/9803002",
      archivePrefix  = "arXiv",
      primaryClass   = "hep-th",
      reportNumber   = "HUTP-98-A014",
      SLACcitation   = "%%CITATION = HEP-TH/9803002;%%",
}

@article{Brandhuber:2007yx,
      author         = "Brandhuber, Andreas and Heslop, Paul and Travaglini,
                        Gabriele",
      title          = "{MHV amplitudes in N=4 super Yang-Mills and Wilson
                        loops}",
      journal        = "Nucl.Phys.",
      volume         = "B794",
      pages          = "231-243",
      doi            = "10.1016/j.nuclphysb.2007.11.002",
      year           = "2008",
      eprint         = "0707.1153",
      archivePrefix  = "arXiv",
      primaryClass   = "hep-th",
      reportNumber   = "QMUL-07-14",
      SLACcitation   = "%%CITATION = ARXIV:0707.1153;%%",
}


@article{Alday:2010zy,
      author         = "Alday, Luis F. and Eden, Burkhard and Korchemsky, Gregory
                        P. and Maldacena, Juan and Sokatchev, Emery",
      title          = "{From correlation functions to Wilson loops}",
      journal        = "JHEP",
      volume         = "1109",
      pages          = "123",
      doi            = "10.1007/JHEP09(2011)123",
      year           = "2011",
      eprint         = "1007.3243",
      archivePrefix  = "arXiv",
      primaryClass   = "hep-th",
      reportNumber   = "LU-ITP-2010-002, IPHTT10-91, LAPTH024-10",
      SLACcitation   = "%%CITATION = ARXIV:1007.3243;%%",
}

@article{ArkaniHamed:2009dn,
      author         = "Arkani-Hamed, Nima and Cachazo, Freddy and Cheung,
                        Clifford and Kaplan, Jared",
      title          = "{A Duality For The S Matrix}",
      journal        = "JHEP",
      volume         = "1003",
      pages          = "020",
      doi            = "10.1007/JHEP03(2010)020",
      year           = "2010",
      eprint         = "0907.5418",
      archivePrefix  = "arXiv",
      primaryClass   = "hep-th",
      SLACcitation   = "%%CITATION = ARXIV:0907.5418;%%",
}

@article{Bargheer:2012cp,
      author         = "Bargheer, Till and Beisert, Niklas and Loebbert, Florian
                        and McLoughlin, Tristan",
      title          = "{Conformal Anomaly for Amplitudes in N=6 Superconformal
                        Chern-Simons Theory}",
      year           = "2012",
      eprint         = "1204.4406",
      archivePrefix  = "arXiv",
      primaryClass   = "hep-th",
      reportNumber   = "NSF-KITP-12-012, LPT-ENS-12-16, UUITP-10-12,
                        AEI-2012-037",
      SLACcitation   = "%%CITATION = ARXIV:1204.4406;%%",
}

@article{Bianchi:2012cq,
      author         = "Bianchi, Marco S. and Leoni, Matias and Mauri, Andrea and
                        Penati, Silvia and Santambrogio, Alberto",
      title          = "{One Loop Amplitudes In ABJM}",
      journal        = "JHEP",
      volume         = "1207",
      pages          = "029",
      doi            = "10.1007/JHEP07(2012)029",
      year           = "2012",
      eprint         = "1204.4407",
      archivePrefix  = "arXiv",
      primaryClass   = "hep-th",
      SLACcitation   = "%%CITATION = ARXIV:1204.4407;%%",
}


@article{Bianchi:2011rn,
      author         = "Bianchi, Marco S. and Leoni, Matias and Mauri, Andrea and
                        Penati, Silvia and Ratti, Carlo Alberto and others",
      title          = "{From Correlators to Wilson Loops in Chern-Simons Matter
                        Theories}",
      journal        = "JHEP",
      volume         = "1106",
      pages          = "118",
      year           = "2011",
      eprint         = "1103.3675",
      archivePrefix  = "arXiv",
      primaryClass   = "hep-th",
      SLACcitation   = "%%CITATION = ARXIV:1103.3675;%%",
}


@article{'tHooft:1993gx,
      author         = "'t Hooft, Gerard",
      title          = "{Dimensional reduction in quantum gravity}",
      year           = "1993",
      eprint         = "gr-qc/9310026",
      archivePrefix  = "arXiv",
      primaryClass   = "gr-qc",
      reportNumber   = "THU-93-26",
      SLACcitation   = "%%CITATION = GR-QC/9310026;%%",
}

@article{Susskind:1994vu,
      author         = "Susskind, Leonard",
      title          = "{The World as a hologram}",
      journal        = "J.Math.Phys.",
      volume         = "36",
      pages          = "6377-6396",
      doi            = "10.1063/1.531249",
      year           = "1995",
      eprint         = "hep-th/9409089",
      archivePrefix  = "arXiv",
      primaryClass   = "hep-th",
      reportNumber   = "SU-ITP-94-33",
      SLACcitation   = "%%CITATION = HEP-TH/9409089;%%",
}

@article{SchaferNameki:2010jy,
      author         = "Schafer-Nameki, Sakura",
      title          = "{Review of AdS/CFT Integrability, Chapter II.4: The
                        Spectral Curve}",
      journal        = "Lett.Math.Phys.",
      volume         = "99",
      pages          = "169-190",
      doi            = "10.1007/s11005-011-0525-6",
      year           = "2012",
      eprint         = "1012.3989",
      archivePrefix  = "arXiv",
      primaryClass   = "hep-th",
      reportNumber   = "KCL-MTH-10-18",
      SLACcitation   = "%%CITATION = ARXIV:1012.3989;%%",
}

@article{Zarembo:2010yz,
      author         = "Zarembo, K.",
      title          = "{Algebraic Curves for Integrable String Backgrounds}",
      year           = "2010",
      eprint         = "1005.1342",
      archivePrefix  = "arXiv",
      primaryClass   = "hep-th",
      reportNumber   = "ITEP-TH-22-10, LPTENS-10-19, UUITP-17-10",
      SLACcitation   = "%%CITATION = ARXIV:1005.1342;%%",
}

@article{Erler:2005nr,
      author         = "Erler, Theodore and Mann, Nelia",
      title          = "{Integrable open spin chains and the doubling trick in
                        N=2 SYM with fundamental matter}",
      journal        = "JHEP",
      volume         = "0601",
      pages          = "131",
      doi            = "10.1088/1126-6708/2006/01/131",
      year           = "2006",
      eprint         = "hep-th/0508064",
      archivePrefix  = "arXiv",
      primaryClass   = "hep-th",
      SLACcitation   = "%%CITATION = HEP-TH/0508064;%%",
}

@article{Janik:2012ws,
      author         = "Janik, Romuald A. and Laskos-Grabowski, Pawel",
      title          = "{Surprises in the AdS algebraic curve constructions:
                        Wilson loops and correlation functions}",
      journal        = "Nucl.Phys.",
      volume         = "B861",
      pages          = "361-386",
      doi            = "10.1016/j.nuclphysb.2012.03.018",
      year           = "2012",
      eprint         = "1203.4246",
      archivePrefix  = "arXiv",
      primaryClass   = "hep-th",
      SLACcitation   = "%%CITATION = ARXIV:1203.4246;%%",
}

@article{Cagnazzo:2012se,
      author         = "Cagnazzo, Alessandra and Zarembo, Konstantin",
      title          = "{B-field in AdS(3)/CFT(2) Correspondence and
                        Integrability}",
      year           = "2012",
      eprint         = "1209.4049",
      archivePrefix  = "arXiv",
      primaryClass   = "hep-th",
      reportNumber   = "NORDITA-2012-67, UUITP-24-12",
      SLACcitation   = "%%CITATION = ARXIV:1209.4049;%%",
}


@article{Janik:2012ws,
      author         = "Janik, Romuald A. and Laskos-Grabowski, Pawel",
      title          = "{Surprises in the AdS algebraic curve constructions:
                        Wilson loops and correlation functions}",
      journal        = "Nucl.Phys.",
      volume         = "B861",
      pages          = "361-386",
      doi            = "10.1016/j.nuclphysb.2012.03.018",
      year           = "2012",
      eprint         = "1203.4246",
      archivePrefix  = "arXiv",
      primaryClass   = "hep-th",
      SLACcitation   = "%%CITATION = ARXIV:1203.4246;%%",
}

@article{Janik:2010gc,
      author         = "Janik, Romuald A. and Surowka, Piotr and Wereszczynski,
                        Andrzej",
      title          = "{On correlation functions of operators dual to classical
                        spinning string states}",
      journal        = "JHEP",
      volume         = "1005",
      pages          = "030",
      doi            = "10.1007/JHEP05(2010)030",
      year           = "2010",
      eprint         = "1002.4613",
      archivePrefix  = "arXiv",
      primaryClass   = "hep-th",
      SLACcitation   = "%%CITATION = ARXIV:1002.4613;%%",
}


@article{Arutyunov:2003za,
      author         = "Arutyunov, G. and Russo, J. and Tseytlin, Arkady A.",
      title          = "{Spinning strings in AdS(5) x S**5: New integrable system
                        relations}",
      journal        = "Phys.Rev.",
      volume         = "D69",
      pages          = "086009",
      doi            = "10.1103/PhysRevD.69.086009",
      year           = "2004",
      eprint         = "hep-th/0311004",
      archivePrefix  = "arXiv",
      primaryClass   = "hep-th",
      reportNumber   = "AEI-2003-091",
      SLACcitation   = "%%CITATION = HEP-TH/0311004;%%",
}

@article{Ryang:2012uf,
      author         = "Ryang, Shijong",
      title          = "{Algebraic Curves for Long Folded and Circular Winding
                        Strings in AdS5xS5}",
      year           = "2012",
      eprint         = "1212.6109",
      archivePrefix  = "arXiv",
      primaryClass   = "hep-th",
      SLACcitation   = "%%CITATION = ARXIV:1212.6109;%%",
}

@article{Kruczenski:2002fb,
      author         = "Kruczenski, Martin",
      title          = "{A Note on twist two operators in N=4 SYM and Wilson
                        loops in Minkowski signature}",
      journal        = "JHEP",
      volume         = "0212",
      pages          = "024",
      year           = "2002",
      eprint         = "hep-th/0210115",
      archivePrefix  = "arXiv",
      primaryClass   = "hep-th",
      SLACcitation   = "%%CITATION = HEP-TH/0210115;%%",
}

@article{Kruczenski:2007cy,
      author         = "Kruczenski, M. and Roiban, R. and Tirziu, A. and
                        Tseytlin, Arkady A.",
      title          = "{Strong-coupling expansion of cusp anomaly and gluon
                        amplitudes from quantum open strings in AdS(5) x S**5}",
      journal        = "Nucl.Phys.",
      volume         = "B791",
      pages          = "93-124",
      doi            = "10.1016/j.nuclphysb.2007.09.005",
      year           = "2008",
      eprint         = "0707.4254",
      archivePrefix  = "arXiv",
      primaryClass   = "hep-th",
      reportNumber   = "IMPERIAL-TP-AT-2007-2",
      SLACcitation   = "%%CITATION = ARXIV:0707.4254;%%",
}
@article{Dorey:2006zj,
      author         = "Dorey, Nick and Vicedo, Benoit",
      title          = "{On the dynamics of finite-gap solutions in classical
                        string theory}",
      journal        = "JHEP",
      volume         = "0607",
      pages          = "014",
      doi            = "10.1088/1126-6708/2006/07/014",
      year           = "2006",
      eprint         = "hep-th/0601194",
      archivePrefix  = "arXiv",
      primaryClass   = "hep-th",
      SLACcitation   = "%%CITATION = HEP-TH/0601194;%%",
}


@article{Kazakov:2004nh,
      author         = "Kazakov, V.A. and Zarembo, K.",
      title          = "{Classical / quantum integrability in non-compact sector
                        of AdS/CFT}",
      journal        = "JHEP",
      volume         = "0410",
      pages          = "060",
      doi            = "10.1088/1126-6708/2004/10/060",
      year           = "2004",
      eprint         = "hep-th/0410105",
      archivePrefix  = "arXiv",
      primaryClass   = "hep-th",
      reportNumber   = "LPTENS-04-41, MPG-ITEP-42-04, UUITP-21-04",
      SLACcitation   = "%%CITATION = HEP-TH/0410105;%%",
}

@article{Beisert:2004ag,
      author         = "Beisert, N. and Kazakov, V.A. and Sakai, K.",
      title          = "{Algebraic curve for the SO(6) sector of AdS/CFT}",
      journal        = "Commun.Math.Phys.",
      volume         = "263",
      pages          = "611-657",
      doi            = "10.1007/s00220-005-1528-x",
      year           = "2006",
      eprint         = "hep-th/0410253",
      archivePrefix  = "arXiv",
      primaryClass   = "hep-th",
      reportNumber   = "AEI-2004-087, LPTENS-04-44, NSF-KITP-04-115, PUTP-2138",
      SLACcitation   = "%%CITATION = HEP-TH/0410253;%%",
}


@article{Kruczenski:2007cy,
      author         = "Kruczenski, M. and Roiban, R. and Tirziu, A. and
                        Tseytlin, Arkady A.",
      title          = "{Strong-coupling expansion of cusp anomaly and gluon
                        amplitudes from quantum open strings in AdS(5) x S**5}",
      journal        = "Nucl.Phys.",
      volume         = "B791",
      pages          = "93-124",
      doi            = "10.1016/j.nuclphysb.2007.09.005",
      year           = "2008",
      eprint         = "0707.4254",
      archivePrefix  = "arXiv",
      primaryClass   = "hep-th",
      reportNumber   = "IMPERIAL-TP-AT-2007-2",
      SLACcitation   = "%%CITATION = ARXIV:0707.4254;%%",
}

@article{Gubser:2002tv,
      author         = "Gubser, S.S. and Klebanov, I.R. and Polyakov, Alexander
                        M.",
      title          = "{A Semiclassical limit of the gauge / string
                        correspondence}",
      journal        = "Nucl.Phys.",
      volume         = "B636",
      pages          = "99-114",
      doi            = "10.1016/S0550-3213(02)00373-5",
      year           = "2002",
      eprint         = "hep-th/0204051",
      archivePrefix  = "arXiv",
      primaryClass   = "hep-th",
      reportNumber   = "PUPT-2029",
      SLACcitation   = "%%CITATION = HEP-TH/0204051;%%",
}


@article{Rey:1998ik,
      author         = "Rey, Soo-Jong and Yee, Jung-Tay",
      title          = "{Macroscopic strings as heavy quarks in large N gauge
                        theory and anti-de Sitter supergravity}",
      journal        = "Eur.Phys.J.",
      volume         = "C22",
      pages          = "379-394",
      doi            = "10.1007/s100520100799",
      year           = "2001",
      eprint         = "hep-th/9803001",
      archivePrefix  = "arXiv",
      primaryClass   = "hep-th",
      reportNumber   = "SNUTP-98-016",
      SLACcitation   = "%%CITATION = HEP-TH/9803001;%%",
}

@article{Chu:2009qt,
      author         = "Chu, Shao-xia and Hou, Defu and Ren, Hai-cang",
      title          = "{The Subleading Term of the Strong Coupling Expansion of
                        the Heavy-Quark Potential in a N=4 Super Yang-Mills
                        Vacuum}",
      journal        = "JHEP",
      volume         = "0908",
      pages          = "004",
      doi            = "10.1088/1126-6708/2009/08/004",
      year           = "2009",
      eprint         = "0905.1874",
      archivePrefix  = "arXiv",
      primaryClass   = "hep-ph",
      reportNumber   = "RU09-5-A",
      SLACcitation   = "%%CITATION = ARXIV:0905.1874;%%",
}


@article{Drukker:2011za,
      author         = "Drukker, Nadav and Forini, Valentina",
      title          = "{Generalized quark-antiquark potential at weak and strong
                        coupling}",
      journal        = "JHEP",
      volume         = "1106",
      pages          = "131",
      doi            = "10.1007/JHEP06(2011)131",
      year           = "2011",
      eprint         = "1105.5144",
      archivePrefix  = "arXiv",
      primaryClass   = "hep-th",
      reportNumber   = "IMPERIAL-TP-2011-ND-02, NSF-KITP-11-073, AEI-2011-027",
      SLACcitation   = "%%CITATION = ARXIV:1105.5144;%%",
}

@article{Roiban:2007dq,
      author         = "Roiban, R. and Tseytlin, Arkady A.",
      title          = "{Strong-coupling expansion of cusp anomaly from quantum
                        superstring}",
      journal        = "JHEP",
      volume         = "0711",
      pages          = "016",
      doi            = "10.1088/1126-6708/2007/11/016",
      year           = "2007",
      eprint         = "0709.0681",
      archivePrefix  = "arXiv",
      primaryClass   = "hep-th",
      reportNumber   = "IMPERIAL-TP-AT-2007-3",
      SLACcitation   = "%%CITATION = ARXIV:0709.0681;%%",
}

@article{Zarembo:2002ph,
      author         = "Zarembo, K.",
      title          = "{Open string fluctuations in AdS(5) x S**5 and operators
                        with large R charge}",
      journal        = "Phys.Rev.",
      volume         = "D66",
      pages          = "105021",
      doi            = "10.1103/PhysRevD.66.105021",
      year           = "2002",
      eprint         = "hep-th/0209095",
      archivePrefix  = "arXiv",
      primaryClass   = "hep-th",
      reportNumber   = "UUITP-10-02, ITEP-TH-41-02",
      SLACcitation   = "%%CITATION = HEP-TH/0209095;%%",
}

@article{Karch:2002sh,
      author         = "Karch, Andreas and Katz, Emanuel",
      title          = "{Adding flavor to AdS / CFT}",
      journal        = "JHEP",
      volume         = "0206",
      pages          = "043",
      year           = "2002",
      eprint         = "hep-th/0205236",
      archivePrefix  = "arXiv",
      primaryClass   = "hep-th",
      reportNumber   = "UW-PT-02-10",
      SLACcitation   = "%%CITATION = HEP-TH/0205236;%%",
}


@article{Agarwal:2006gc,
      author         = "Agarwal, Abhishek",
      title          = "{Open spin chains in super Yang-Mills at higher loops:
                        Some potential problems with integrability}",
      journal        = "JHEP",
      volume         = "0608",
      pages          = "027",
      doi            = "10.1088/1126-6708/2006/08/027",
      year           = "2006",
      eprint         = "hep-th/0603067",
      archivePrefix  = "arXiv",
      primaryClass   = "hep-th",
      SLACcitation   = "%%CITATION = HEP-TH/0603067;%%",
}


@article{Magro:2010jx,
      author         = "Magro, Marc",
      title          = "{Review of AdS/CFT Integrability, Chapter II.3: Sigma
                        Model, Gauge Fixing}",
      journal        = "Lett.Math.Phys.",
      volume         = "99",
      pages          = "149-167",
      doi            = "10.1007/s11005-011-0481-1",
      year           = "2012",
      eprint         = "1012.3988",
      archivePrefix  = "arXiv",
      primaryClass   = "hep-th",
      reportNumber   = "AEI-2010-132",
      SLACcitation   = "%%CITATION = ARXIV:1012.3988;%%",
}


@article{Hohenegger:2009as,
      author         = "Hohenegger, Stefan and Kirsch, Ingo",
      title          = "{A Note on the holography of Chern-Simons matter theories
                        with flavour}",
      journal        = "JHEP",
      volume         = "0904",
      pages          = "129",
      doi            = "10.1088/1126-6708/2009/04/129",
      year           = "2009",
      eprint         = "0903.1730",
      archivePrefix  = "arXiv",
      primaryClass   = "hep-th",
      SLACcitation   = "%%CITATION = ARXIV:0903.1730;%%",
}

@article{Gaiotto:2009tk,
      author         = "Gaiotto, Davide and Jafferis, Daniel Louis",
      title          = "{Notes on adding D6 branes wrapping RP**3 in AdS(4) x
                        CP**3}",
      journal        = "JHEP",
      volume         = "1211",
      pages          = "015",
      doi            = "10.1007/JHEP11(2012)015",
      year           = "2012",
      eprint         = "0903.2175",
      archivePrefix  = "arXiv",
      primaryClass   = "hep-th",
      SLACcitation   = "%%CITATION = ARXIV:0903.2175;%%",
}

@article{Fujita:2009kw,
      author         = "Fujita, Mitsutoshi and Li, Wei and Ryu, Shinsei and
                        Takayanagi, Tadashi",
      title          = "{Fractional Quantum Hall Effect via Holography:
                        Chern-Simons, Edge States, and Hierarchy}",
      journal        = "JHEP",
      volume         = "0906",
      pages          = "066",
      doi            = "10.1088/1126-6708/2009/06/066",
      year           = "2009",
      eprint         = "0901.0924",
      archivePrefix  = "arXiv",
      primaryClass   = "hep-th",
      reportNumber   = "KUNS-2177, IPMU09-0002",
      SLACcitation   = "%%CITATION = ARXIV:0901.0924;%%",
}

@article{Hoare:2013pma,
      author         = "Hoare, B. and Tseytlin, A.A.",
      title          = "{On string theory on $AdS_3$ x $S^3$ x $T^4$ with mixed
                        3-form flux: Tree-level S-matrix}",
      journal        = "Nucl.Phys.",
      volume         = "B873",
      pages          = "682-727",
      doi            = "10.1016/j.nuclphysb.2013.05.005",
      year           = "2013",
      eprint         = "1303.1037",
      archivePrefix  = "arXiv",
      primaryClass   = "hep-th",
      reportNumber   = "IMPERIAL-TP-AT-2013-01, HU-EP-13-10",
      SLACcitation   = "%%CITATION = ARXIV:1303.1037;%%",
}

@article{Kruczenski:2014bla,
      author         = "Kruczenski, Martin",
      title          = "{Wilson loops and minimal area surfaces in hyperbolic
                        space}",
      doi            = "10.1007/JHEP11(2014)065",
      year           = "2014",
      eprint         = "1406.4945",
      archivePrefix  = "arXiv",
      primaryClass   = "hep-th",
      SLACcitation   = "%%CITATION = ARXIV:1406.4945;%%",
}


@article{Cooke:2014uga,
      author         = "Cooke, Michael and Drukker, Nadav",
      title          = "{From algebraic curve to minimal surface and back}",
      year           = "2014",
      eprint         = "1410.5436",
      archivePrefix  = "arXiv",
      primaryClass   = "hep-th",
      SLACcitation   = "%%CITATION = ARXIV:1410.5436;%%",
}

@article{Toledo:2014koa,
      author         = "Toledo, Jonathan C",
      title          = "{Smooth Wilson loops from the continuum limit of null
                        polygons}",
      year           = "2014",
      eprint         = "1410.5896",
      archivePrefix  = "arXiv",
      primaryClass   = "hep-th",
      SLACcitation   = "%%CITATION = ARXIV:1410.5896;%%",
}

@article{Semenoff:2004qr,
      author         = "Semenoff, Gordon W. and Young, Donovan",
      title          = "{Wavy Wilson line and AdS / CFT}",
      journal        = "Int.J.Mod.Phys.",
      volume         = "A20",
      pages          = "2833-2846",
      doi            = "10.1142/S0217751X0502077X",
      year           = "2005",
      eprint         = "hep-th/0405288",
      archivePrefix  = "arXiv",
      primaryClass   = "hep-th",
      SLACcitation   = "%%CITATION = HEP-TH/0405288;%%",
}

@article{Galakhov:2008ax,
      author         = "Galakhov, Dmitry and Itoyama, Hiroshi and Mironov, Andrei
                        and Morozov, Alexei",
      title          = "{Deviation from Alday-Maldacena Duality For Wavy Circle}",
      journal        = "Nucl.Phys.",
      volume         = "B823",
      pages          = "289-319",
      doi            = "10.1016/j.nuclphysb.2009.06.009",
      year           = "2009",
      eprint         = "0812.4702",
      archivePrefix  = "arXiv",
      primaryClass   = "hep-th",
      reportNumber   = "OCU-PHYS-308, FIAN-TD-27-08, ITEP-TH-69-08",
      SLACcitation   = "%%CITATION = ARXIV:0812.4702;%%",
}

@article{Kruczenski:2013bsa,
      author         = "Kruczenski, Martin and Ziama, Sannah",
      title          = "{Wilson loops and Riemann theta functions II}",
      journal        = "JHEP",
      volume         = "1405",
      pages          = "037",
      doi            = "10.1007/JHEP05(2014)037",
      year           = "2014",
      eprint         = "1311.4950",
      archivePrefix  = "arXiv",
      primaryClass   = "hep-th",
      SLACcitation   = "%%CITATION = ARXIV:1311.4950;%%",
}

@article{Ishizeki:2011bf,
      author         = "Ishizeki, Riei and Kruczenski, Martin and Ziama, Sannah",
      title          = "{Notes on Euclidean Wilson loops and Riemann Theta
                        functions}",
      journal        = "Phys.Rev.",
      volume         = "D85",
      pages          = "106004",
      doi            = "10.1103/PhysRevD.85.106004",
      year           = "2012",
      eprint         = "1104.3567",
      archivePrefix  = "arXiv",
      primaryClass   = "hep-th",
      SLACcitation   = "%%CITATION = ARXIV:1104.3567;%%",
}

@article{babich1993,
ajournal = "Duke Math. J.",
author = "Babich, M. and Bobenko, A.",
doi = "10.1215/S0012-7094-93-07207-9",
journal = "Duke Mathematical Journal",
month = "10",
number = "1",
pages = "151--185",
publisher = "Duke University Press",
title = "Willmore tori with umbilic lines and minimal surfaces in
 hyperbolic space",
url = "http://dx.doi.org/10.1215/S0012-7094-93-07207-9",
volume = "72",
year = "1993"
}

@article{Cagnazzo:2013dqa,
      author         = "Cagnazzo, A.",
      title          = "{Integrability and Wilson loops: the wavy line contour}",
      year           = "2013",
      eprint         = "1312.6891",
      archivePrefix  = "arXiv",
      primaryClass   = "hep-th",
      SLACcitation   = "%%CITATION = ARXIV:1312.6891;%%",
}



@article{Dekel:2013dy,
      author         = "Dekel, Amit",
      title          = "{Algebraic Curves for Factorized String Solutions}",
      year           = "2013",
      eprint         = "1302.0555",
      archivePrefix  = "arXiv",
      primaryClass   = "hep-th",
      SLACcitation   = "%%CITATION = ARXIV:1302.0555;%%",
}

@article{Janik:2012ws,
      author         = "Janik, Romuald A. and Laskos-Grabowski, Pawel",
      title          = "{Surprises in the AdS algebraic curve constructions:
                        Wilson loops and correlation functions}",
      journal        = "Nucl.Phys.",
      volume         = "B861",
      pages          = "361-386",
      doi            = "10.1016/j.nuclphysb.2012.03.018",
      year           = "2012",
      eprint         = "1203.4246",
      archivePrefix  = "arXiv",
      primaryClass   = "hep-th",
      SLACcitation   = "%%CITATION = ARXIV:1203.4246;%%",
}

@article{DeVega:1992xc,
      author         = "De Vega, H.J. and Sanchez, Norma G.",
      title          = "{Exact integrability of strings in D-Dimensional De
                        Sitter space-time}",
      journal        = "Phys.Rev.",
      volume         = "D47",
      pages          = "3394-3405",
      doi            = "10.1103/PhysRevD.47.3394",
      year           = "1993",
      reportNumber   = "PAR-LPTHE-92-31, LPTHE-PAR-92-31",
      SLACcitation   = "%%CITATION = PHRVA,D47,3394;%%",
}

@article{Pohlmeyer:1975nb,
      author         = "Pohlmeyer, K.",
      title          = "{Integrable Hamiltonian Systems and Interactions Through
                        Quadratic Constraints}",
      journal        = "Commun.Math.Phys.",
      volume         = "46",
      pages          = "207-221",
      doi            = "10.1007/BF01609119",
      year           = "1976",
      reportNumber   = "DESY-75-28",
      SLACcitation   = "%%CITATION = CMPHA,46,207;%%",
}
@article{Alday:2010vh,
      author         = "Alday, Luis F. and Maldacena, Juan and Sever, Amit and
                        Vieira, Pedro",
      title          = "{Y-system for Scattering Amplitudes}",
      journal        = "J.Phys.",
      volume         = "A43",
      pages          = "485401",
      doi            = "10.1088/1751-8113/43/48/485401",
      year           = "2010",
      eprint         = "1002.2459",
      archivePrefix  = "arXiv",
      primaryClass   = "hep-th",
      SLACcitation   = "%%CITATION = ARXIV:1002.2459;%%",
}


@article{Ryu:2006bv,
      author         = "Ryu, Shinsei and Takayanagi, Tadashi",
      title          = "{Holographic derivation of entanglement entropy from
                        AdS/CFT}",
      journal        = "Phys.Rev.Lett.",
      volume         = "96",
      pages          = "181602",
      doi            = "10.1103/PhysRevLett.96.181602",
      year           = "2006",
      eprint         = "hep-th/0603001",
      archivePrefix  = "arXiv",
      primaryClass   = "hep-th",
      reportNumber   = "NSF-KITP-06-11",
      SLACcitation   = "%%CITATION = HEP-TH/0603001;%%",
}


@article{Dekel:2013kwa,
      author         = "Dekel, Amit and Klose, Thomas",
      title          = "{Correlation Function of Circular Wilson Loops at Strong
                        Coupling}",
      journal        = "JHEP",
      volume         = "1311",
      pages          = "117",
      doi            = "10.1007/JHEP11(2013)117",
      year           = "2013",
      eprint         = "1309.3203",
      archivePrefix  = "arXiv",
      primaryClass   = "hep-th",
      reportNumber   = "UUITP-14-13, HU-EP-13-45",
      SLACcitation   = "%%CITATION = ARXIV:1309.3203;%%",
}


@article{Kristjansen:2012nz,
      author         = "Kristjansen, Charlotte and Makeenko, Yuri",
      title          = "{More about One-Loop Effective Action of Open Superstring
                        in $AdS_5\times S^5$}",
      journal        = "JHEP",
      volume         = "1209",
      pages          = "053",
      doi            = "10.1007/JHEP09(2012)053",
      year           = "2012",
      eprint         = "1206.5660",
      archivePrefix  = "arXiv",
      primaryClass   = "hep-th",
      reportNumber   = "ITEP-TH-28-12",
      SLACcitation   = "%%CITATION = ARXIV:1206.5660;%%",
}

@article{Bassetto:2009rt,
      author         = "Bassetto, A. and Griguolo, L. and Pucci, F. and Seminara,
                        D. and Thambyahpillai, S. and others",
      title          = "{Correlators of supersymmetric Wilson-loops, protected
                        operators and matrix models in N=4 SYM}",
      journal        = "JHEP",
      volume         = "0908",
      pages          = "061",
      doi            = "10.1088/1126-6708/2009/08/061",
      year           = "2009",
      eprint         = "0905.1943",
      archivePrefix  = "arXiv",
      primaryClass   = "hep-th",
      reportNumber   = "HU-EP-09-22",
      SLACcitation   = "%%CITATION = ARXIV:0905.1943;%%",
}

@article{Bassetto:2009ms,
      author         = "Bassetto, Antonio and Griguolo, Luca and Pucci, Fabrizio
                        and Seminara, Domenico and Thambyahpillai, Shiyamala and
                        others",
      title          = "{Correlators of supersymmetric Wilson loops at weak and
                        strong coupling}",
      journal        = "JHEP",
      volume         = "1003",
      pages          = "038",
      doi            = "10.1007/JHEP03(2010)038",
      year           = "2010",
      eprint         = "0912.5440",
      archivePrefix  = "arXiv",
      primaryClass   = "hep-th",
      SLACcitation   = "%%CITATION = ARXIV:0912.5440;%%",
}

@article{Drukker:2000ep,
      author         = "Drukker, Nadav and Gross, David J. and Tseytlin, Arkady
                        A.",
      title          = "{Green-Schwarz string in $AdS_5 \times S^5$: Semiclassical
                        partition function}",
      journal        = "JHEP",
      volume         = "0004",
      pages          = "021",
      year           = "2000",
      eprint         = "hep-th/0001204",
      archivePrefix  = "arXiv",
      primaryClass   = "hep-th",
      reportNumber   = "NSF-ITP-99-146, OHSTPY-HEP-T-99-029",
      SLACcitation   = "%%CITATION = HEP-TH/0001204;%%",
}

@book{Elizalde:1994,
  title={Zeta Regularization Techniques With Applications},
  author={E. Elizalde},
  isbn={9789810214418},
  lccn={94002471},
  url={http://books.google.com/books?id=PXkhYSqIeykC},
  year={1994},
  publisher={World Scientific Publishing Company Incorporated}
}


@article{Mikhaylov:2010ib,
      author         = "Mikhaylov, V.",
      title          = "{On the Fermionic Frequencies of Circular Strings}",
      journal        = "J.Phys.",
      volume         = "A43",
      pages          = "335401",
      doi            = "10.1088/1751-8113/43/33/335401",
      year           = "2010",
      eprint         = "1002.1831",
      archivePrefix  = "arXiv",
      primaryClass   = "hep-th",
      SLACcitation   = "%%CITATION = ARXIV:1002.1831;%%",
}

@ARTICLE{Maier:2008,
   author = {R. S. Maier},
    title = "{Lam{\'e} polynomials, hyperelliptic reductions and Lam{\'e} band structure}",
  journal = {Royal Society of London Philosophical Transactions Series A},
   eprint = {arXiv:math-ph/0309005},
     year = 2008,
    month = 3,
   volume = 366,
    pages = {1115-1153},
      doi = {10.1098/rsta.2007.2063},
   adsurl = {http://adsabs.harvard.edu/abs/2008RSPTA.366.1115M},
  adsnote = {Provided by the SAO/NASA Astrophysics Data System}
}

@ARTICLE{Valent:2005,
   author = {G. Valent},
    title = "{Heun functions versus elliptic functions}",
   eprint = {arXiv:math-ph/0512006},
 keywords = {Mathematical Physics, Mathematics - Mathematical Physics},
     year = 2005,
    month = 12,
   adsurl = {http://adsabs.harvard.edu/abs/2005math.ph..12006V},
  adsnote = {Provided by the SAO/NASA Astrophysics Data System}
}

@Book{WhWa27,
  author =       {E. T. Whittaker and G. N. Watson},
  title =        {A Course of Modern Analysis},
  year =         1927,
  edition =      {Fourth},
  publisher =    {Cambridge University Press},
  note =         {Reprinted 1990}
}

@book{Elizalde:1995,
  title={Ten Physical Applications of Spectral Zeta Functions},
  author={Elizalde, E.},
  number={v. 35},
  isbn={9783540602309},
  lccn={95037505},
  series={Lecture Notes in Computer Science},
  url={http://books.google.com/books?id=fFfyWCOStoQC},
  year={1995},
  publisher={Springer-Verlag GmbH}
}
	

@article{Dunne:2007rt,
      author         = "Dunne, Gerald V.",
      title          = "{Functional determinants in quantum field theory}",
      journal        = "J.Phys.",
      volume         = "A41",
      pages          = "304006",
      doi            = "10.1088/1751-8113/41/30/304006",
      year           = "2008",
      eprint         = "0711.1178",
      archivePrefix  = "arXiv",
      primaryClass   = "hep-th",
      SLACcitation   = "%%CITATION = ARXIV:0711.1178;%%",
}

@article{Beccaria:2010ry,
      author         = "Beccaria, M. and Dunne, G.V. and Forini, V. and Pawellek,
                        M. and Tseytlin, A.A.",
      title          = "{Exact computation of one-loop correction to energy of
                        spinning folded string in $AdS_5 \times S^5$}",
      journal        = "J.Phys.",
      volume         = "A43",
      pages          = "165402",
      doi            = "10.1088/1751-8113/43/16/165402",
      year           = "2010",
      eprint         = "1001.4018",
      archivePrefix  = "arXiv",
      primaryClass   = "hep-th",
      SLACcitation   = "%%CITATION = ARXIV:1001.4018;%%",
}

@article{Dekel:2013dy,
      author         = "Dekel, Amit",
      title          = "{Algebraic Curves for Factorized String Solutions}",
      year           = "2013",
      eprint         = "1302.0555",
      archivePrefix  = "arXiv",
      primaryClass   = "hep-th",
      SLACcitation   = "%%CITATION = ARXIV:1302.0555;%%",
}

@article{Janik:2012ws,
      author         = "Janik, Romuald A. and Laskos-Grabowski, Pawel",
      title          = "{Surprises in the AdS algebraic curve constructions:
                        Wilson loops and correlation functions}",
      journal        = "Nucl.Phys.",
      volume         = "B861",
      pages          = "361-386",
      doi            = "10.1016/j.nuclphysb.2012.03.018",
      year           = "2012",
      eprint         = "1203.4246",
      archivePrefix  = "arXiv",
      primaryClass   = "hep-th",
      SLACcitation   = "%%CITATION = ARXIV:1203.4246;%%",
}

@article{Pestun:2007rz,
      author         = "Pestun, Vasily",
      title          = "{Localization of gauge theory on a four-sphere and
                        supersymmetric Wilson loops}",
      journal        = "Commun.Math.Phys.",
      volume         = "313",
      pages          = "71-129",
      doi            = "10.1007/s00220-012-1485-0",
      year           = "2012",
      eprint         = "0712.2824",
      archivePrefix  = "arXiv",
      primaryClass   = "hep-th",
      reportNumber   = "ITEP-TH-41-07, PUTP-2248",
      SLACcitation   = "%%CITATION = ARXIV:0712.2824;%%",
}

@article{Giombi:2012ep,
      author         = "Giombi, Simone and Pestun, Vasily",
      title          = "{Correlators of Wilson Loops and Local Operators from
                        Multi-Matrix Models and Strings in AdS}",
      journal        = "JHEP",
      volume         = "1301",
      pages          = "101",
      doi            = "10.1007/JHEP01(2013)101",
      year           = "2013",
      eprint         = "1207.7083",
      archivePrefix  = "arXiv",
      primaryClass   = "hep-th",
      SLACcitation   = "%%CITATION = ARXIV:1207.7083;%%",
}

@article{Hernandez:2012zj,
      author         = "Hernandez, Rafael",
      title          = "{Semiclassical correlation functions of Wilson loops and
                        local vertex operators}",
      journal        = "Nucl.Phys.",
      volume         = "B862",
      pages          = "751-763",
      doi            = "10.1016/j.nuclphysb.2012.05.013",
      year           = "2012",
      eprint         = "1202.4383",
      archivePrefix  = "arXiv",
      primaryClass   = "hep-th",
      reportNumber   = "NORDITA-2012-10",
      SLACcitation   = "%%CITATION = ARXIV:1202.4383;%%",
}

@article{Dorn:2009hs,
      author         = "Dorn, Harald and Drukker, Nadav and Jorjadze, George and
                        Kalousios, Chrysostomos",
      title          = "{Space-like minimal surfaces in AdS x S}",
      journal        = "JHEP",
      volume         = "1004",
      pages          = "004",
      doi            = "10.1007/JHEP04(2010)004",
      year           = "2010",
      eprint         = "0912.3829",
      archivePrefix  = "arXiv",
      primaryClass   = "hep-th",
      reportNumber   = "HU-EP-09-65",
      SLACcitation   = "%%CITATION = ARXIV:0912.3829;%%",
}

@article{Plefka:2001bu,
      author         = "Plefka, Jan and Staudacher, Matthias",
      title          = "{Two loops to two loops in N=4 supersymmetric Yang-Mills
                        theory}",
      journal        = "JHEP",
      volume         = "0109",
      pages          = "031",
      year           = "2001",
      eprint         = "hep-th/0108182",
      archivePrefix  = "arXiv",
      primaryClass   = "hep-th",
      reportNumber   = "AEI-2001-106",
      SLACcitation   = "%%CITATION = HEP-TH/0108182;%%",
}

@article{Arutyunov:2001hs,
      author         = "Arutyunov, Gleb and Plefka, Jan and Staudacher, Matthias",
      title          = "{Limiting geometries of two circular Maldacena-Wilson
                        loop operators}",
      journal        = "JHEP",
      volume         = "0112",
      pages          = "014",
      year           = "2001",
      eprint         = "hep-th/0111290",
      archivePrefix  = "arXiv",
      primaryClass   = "hep-th",
      reportNumber   = "AEI-2001-140",
      SLACcitation   = "%%CITATION = HEP-TH/0111290;%%",
}

@article{Drukker:1999zq,
      author         = "Drukker, Nadav and Gross, David J. and Ooguri, Hirosi",
      title          = "{Wilson loops and minimal surfaces}",
      journal        = "Phys.Rev.",
      volume         = "D60",
      pages          = "125006",
      doi            = "10.1103/PhysRevD.60.125006",
      year           = "1999",
      eprint         = "hep-th/9904191",
      archivePrefix  = "arXiv",
      primaryClass   = "hep-th",
      reportNumber   = "UCB-PTH-99-11, LBNL-43079, NSF-ITP-99-22, LBL-43079",
      SLACcitation   = "%%CITATION = HEP-TH/9904191;%%",
}

@article{Berard2009,
    author        = {{B{\'e}rard}, P. and {Earp}, R.~S.},
    title         = "{Lindel{\"o}f's theorem for catenoids revisited}",
    journal       = "Proc. Amer. Math. Soc.",
    volume        = "138",
    year          = "2010",
	pages         = "3657-3669",
    archivePrefix = "arXiv",
    eprint        = {0907.4294},
    primaryClass  = "math.DG",
    doi           = "10.1090/S0002-9939-2010-10492-6",
    keywords      = {Mathematics - Differential Geometry, 53C42, 53C21, 58C40},
    adsurl        = {http://adsabs.harvard.edu/abs/2009arXiv0907.4294B}
}

@article{Ishizeki:2011bf,
      author         = "Ishizeki, Riei and Kruczenski, Martin and Ziama, Sannah",
      title          = "{Notes on Euclidean Wilson loops and Riemann Theta functions}",
      journal        = "Phys.Rev.",
      volume         = "D85",
      pages          = "106004",
      doi            = "10.1103/PhysRevD.85.106004",
      year           = "2012",
      eprint         = "1104.3567",
      archivePrefix  = "arXiv",
      primaryClass   = "hep-th",
      SLACcitation   = "%%CITATION = ARXIV:1104.3567;%%",
}

@article{Irrgang:2012xb,
      author         = "Irrgang, Andrew and Kruczenski, Martin",
      title          = "{Rotating Wilson loops and open strings in AdS3}",
      journal        = "J.Phys.",
      volume         = "A46",
      pages          = "075401",
      doi            = "10.1088/1751-8113/46/7/075401",
      year           = "2013",
      eprint         = "1210.2298",
      archivePrefix  = "arXiv",
      primaryClass   = "hep-th",
      SLACcitation   = "%%CITATION = ARXIV:1210.2298;%%",
}

@article{Ishizeki:2013hla,
      author         = "Ishizeki, Riei and Kruczenski, Martin and Ziama, Sannah",
      title          = "{Minimal area surfaces, Euclidean Wilson loops and
                        Riemann Theta functions}",
      journal        = "J.Phys.Conf.Ser.",
      volume         = "411",
      pages          = "012017",
      doi            = "10.1088/1742-6596/411/1/012017",
      year           = "2013",
      SLACcitation   = "%%CITATION = 00462,411,012017;%%",
}

@article{Babich:1992mc,
      author         = "Babich, M. and Bobenko, A.",
      title          = "{Willmore tori with umbilic lines and minimal surfaces in
                        hyperbolic space}",
      journal        = "Duke Math. J.",
	  volume         = "72",
	  year           = "1993",
	  issue          = "1",
	  pages          = "151-185",
      reportNumber   = "SFB-288-15",
      SLACcitation   = "%%CITATION = SFB-288-15 ETC.;%%",
}

@article{Drukker:2005cu,
      author         = "Drukker, Nadav and Fiol, Bartomeu",
      title          = "{On the integrability of Wilson loops in AdS(5) x S**5:
                        Some periodic ansatze}",
      journal        = "JHEP",
      volume         = "0601",
      pages          = "056",
      doi            = "10.1088/1126-6708/2006/01/056",
      year           = "2006",
      eprint         = "hep-th/0506058",
      archivePrefix  = "arXiv",
      primaryClass   = "hep-th",
      reportNumber   = "ITFA-2005-19",
      SLACcitation   = "%%CITATION = HEP-TH/0506058;%%",
}

@article{Drukker:2005kx,
      author         = "Drukker, Nadav and Fiol, Bartomeu",
      title          = "{All-genus calculation of Wilson loops using D-branes}",
      journal        = "JHEP",
      volume         = "0502",
      pages          = "010",
      doi            = "10.1088/1126-6708/2005/02/010",
      year           = "2005",
      eprint         = "hep-th/0501109",
      archivePrefix  = "arXiv",
      primaryClass   = "hep-th",
      reportNumber   = "ITFA-2005-01",
      SLACcitation   = "%%CITATION = HEP-TH/0501109;%%",
}

@article{Alday:2011pf,
      author         = "Alday, Luis F. and Tseytlin, Arkady A.",
      title          = "{On strong-coupling correlation functions of circular
                        Wilson loops and local operators}",
      journal        = "J.Phys.",
      volume         = "A44",
      pages          = "395401",
      doi            = "10.1088/1751-8113/44/39/395401",
      year           = "2011",
      eprint         = "1105.1537",
      archivePrefix  = "arXiv",
      primaryClass   = "hep-th",
      reportNumber   = "IMPERIAL-TP-AT-2011-3, NSF-KITP-11-071",
      SLACcitation   = "%%CITATION = ARXIV:1105.1537;%%",
}

@article{Alday:2011ga,
      author         = "Alday, L.F. and Buchbinder, E.I. and Tseytlin, A.A.",
      title          = "{Correlation function of null polygonal Wilson loops with
                        local operators}",
      journal        = "JHEP",
      volume         = "1109",
      pages          = "034",
      doi            = "10.1007/JHEP09(2011)034",
      year           = "2011",
      eprint         = "1107.5702",
      archivePrefix  = "arXiv",
      primaryClass   = "hep-th",
      SLACcitation   = "%%CITATION = ARXIV:1107.5702;%%",
}

@article{Adamo:2011cd,
      author         = "Adamo, Tim",
      title          = "{Correlation functions, null polygonal Wilson loops, and
                        local operators}",
      journal        = "JHEP",
      volume         = "1112",
      pages          = "006",
      doi            = "10.1007/JHEP12(2011)006",
      year           = "2011",
      eprint         = "1110.3925",
      archivePrefix  = "arXiv",
      primaryClass   = "hep-th",
      SLACcitation   = "%%CITATION = ARXIV:1110.3925;%%",
}

@article{Zarembo:1999bu,
      author         = "Zarembo, K.",
      title          = "{Wilson loop correlator in the AdS / CFT correspondence}",
      journal        = "Phys.Lett.",
      volume         = "B459",
      pages          = "527-534",
      doi            = "10.1016/S0370-2693(99)00717-0",
      year           = "1999",
      eprint         = "hep-th/9904149",
      archivePrefix  = "arXiv",
      primaryClass   = "hep-th",
      reportNumber   = "ITEP-TH-17-99",
      SLACcitation   = "%%CITATION = HEP-TH/9904149;%%",
}

@article{Olesen:2000ji,
      author         = "Olesen, P. and Zarembo, K.",
      title          = "{Phase transition in Wilson loop correlator from AdS /
                        CFT correspondence}",
      year           = "2000",
      eprint         = "hep-th/0009210",
      archivePrefix  = "arXiv",
      primaryClass   = "hep-th",
      SLACcitation   = "%%CITATION = HEP-TH/0009210;%%",
}

@article{Kirsten:2003py,
      author         = "Kirsten, Klaus and McKane, Alan J.",
      title          = "{Functional determinants by contour integration methods}",
      journal        = "Annals Phys.",
      volume         = "308",
      pages          = "502-527",
      doi            = "10.1016/S0003-4916(03)00149-0",
      year           = "2003",
      eprint         = "math-ph/0305010",
      archivePrefix  = "arXiv",
      primaryClass   = "math-ph",
      SLACcitation   = "%%CITATION = MATH-PH/0305010;%%",
}

@article{Frolov:2004bh,
      author         = "Frolov, S.A. and Park, I.Y. and Tseytlin, Arkady A.",
      title          = "{On one-loop correction to energy of spinning strings in
                        S**5}",
      journal        = "Phys.Rev.",
      volume         = "D71",
      pages          = "026006",
      doi            = "10.1103/PhysRevD.71.026006",
      year           = "2005",
      eprint         = "hep-th/0408187",
      archivePrefix  = "arXiv",
      primaryClass   = "hep-th",
      reportNumber   = "OHSTPY-HEP-04-004, NSF-KITP-04-102",
      SLACcitation   = "%%CITATION = HEP-TH/0408187;%%",
}

@article{Kruczenski:2008zk,
      author         = "Kruczenski, M. and Tirziu, A.",
      title          = "{Matching the circular Wilson loop with dual open string
                        solution at 1-loop in strong coupling}",
      journal        = "JHEP",
      volume         = "0805",
      pages          = "064",
      doi            = "10.1088/1126-6708/2008/05/064",
      year           = "2008",
      eprint         = "0803.0315",
      archivePrefix  = "arXiv",
      primaryClass   = "hep-th",
      SLACcitation   = "%%CITATION = ARXIV:0803.0315;%%",
}

@article{Forini:2010ek,
      author         = "Forini, Valentina",
      title          = "{Quark-antiquark potential in AdS at one loop}",
      journal        = "JHEP",
      volume         = "1011",
      pages          = "079",
      doi            = "10.1007/JHEP11(2010)079",
      year           = "2010",
      eprint         = "1009.3939",
      archivePrefix  = "arXiv",
      primaryClass   = "hep-th",
      reportNumber   = "AEI-2010-150",
      SLACcitation   = "%%CITATION = ARXIV:1009.3939;%%",
}


@article{Chu:2009qt,
      author         = "Chu, Shao-xia and Hou, Defu and Ren, Hai-cang",
      title          = "{The Subleading Term of the Strong Coupling Expansion of
                        the Heavy-Quark Potential in a N=4 Super Yang-Mills
                        Vacuum}",
      journal        = "JHEP",
      volume         = "0908",
      pages          = "004",
      doi            = "10.1088/1126-6708/2009/08/004",
      year           = "2009",
      eprint         = "0905.1874",
      archivePrefix  = "arXiv",
      primaryClass   = "hep-ph",
      reportNumber   = "RU09-5-A",
      SLACcitation   = "%%CITATION = ARXIV:0905.1874;%%",
}

@article{Drukker:2011za,
      author         = "Drukker, Nadav and Forini, Valentina",
      title          = "{Generalized quark-antiquark potential at weak and strong
                        coupling}",
      journal        = "JHEP",
      volume         = "1106",
      pages          = "131",
      doi            = "10.1007/JHEP06(2011)131",
      year           = "2011",
      eprint         = "1105.5144",
      archivePrefix  = "arXiv",
      primaryClass   = "hep-th",
      reportNumber   = "IMPERIAL-TP-2011-ND-02, NSF-KITP-11-073, AEI-2011-027",
      SLACcitation   = "%%CITATION = ARXIV:1105.5144;%%",
}


@book{abramowitz1964handbook,
  added-at = {2012-09-09T11:24:37.000+0200},
  address = {New York},
  author = {Abramowitz, M. and Stegun, I.A.},
  biburl = {http://www.bibsonomy.org/bibtex/291329da782cf16a4e4358e1320927a60/peter.ralph},
  edition = {Fifth},
  interhash = {d9b7329e4509e776afb22ccfa40d87a2},
  intrahash = {91329da782cf16a4e4358e1320927a60},
  keywords = {reference},
  publisher = {Dover},
  title = {Handbook of Mathematical Functions},
  year = 1964
}

@article{McKane:1995vp,
      author         = "McKane, Alan J. and Tarlie, Martin B.",
      title          = "{Regularization of functional determinants using boundary
                        perturbations}",
      journal        = "J.Phys.",
      volume         = "A28",
      pages          = "6931-6942",
      doi            = "10.1088/0305-4470/28/23/032",
      year           = "1995",
      eprint         = "cond-mat/9509126",
      archivePrefix  = "arXiv",
      primaryClass   = "cond-mat",
      SLACcitation   = "%%CITATION = COND-MAT/9509126;%%",
}


@article{Kazakov:2004qf,
      author         = "Kazakov, V.A. and Marshakov, A. and Minahan, J.A. and
                        Zarembo, K.",
      title          = "{Classical/quantum integrability in AdS/CFT}",
      journal        = "JHEP",
      volume         = "0405",
      pages          = "024",
      doi            = "10.1088/1126-6708/2004/05/024",
      year           = "2004",
      eprint         = "hep-th/0402207",
      archivePrefix  = "arXiv",
      primaryClass   = "hep-th",
      reportNumber   = "LPTENS-04-09, FIAN-TD-04-04, MPG-ITEP-11-04,
                        IHES-P-04-05, UUITP-05-04, CTP-MIT-3472",
      SLACcitation   = "%%CITATION = HEP-TH/0402207;%%",
}


@article{Maldacena:1997re,
      author         = "Maldacena, Juan Martin",
      title          = "{The Large N limit of superconformal field theories and
                        supergravity}",
      journal        = "Adv.Theor.Math.Phys.",
      volume         = "2",
      pages          = "231-252",
      year           = "1998",
      eprint         = "hep-th/9711200",
      archivePrefix  = "arXiv",
      primaryClass   = "hep-th",
      reportNumber   = "HUTP-97-A097",
      SLACcitation   = "%%CITATION = HEP-TH/9711200;%%",
}

@article{Witten:1998qj,
      author         = "Witten, Edward",
      title          = "{Anti-de Sitter space and holography}",
      journal        = "Adv.Theor.Math.Phys.",
      volume         = "2",
      pages          = "253-291",
      year           = "1998",
      eprint         = "hep-th/9802150",
      archivePrefix  = "arXiv",
      primaryClass   = "hep-th",
      reportNumber   = "IASSNS-HEP-98-15",
      SLACcitation   = "%%CITATION = HEP-TH/9802150;%%",
}
@article{Gubser:1998bc,
      author         = "Gubser, S.S. and Klebanov, Igor R. and Polyakov,
                        Alexander M.",
      title          = "{Gauge theory correlators from noncritical string
                        theory}",
      journal        = "Phys.Lett.",
      volume         = "B428",
      pages          = "105-114",
      doi            = "10.1016/S0370-2693(98)00377-3",
      year           = "1998",
      eprint         = "hep-th/9802109",
      archivePrefix  = "arXiv",
      primaryClass   = "hep-th",
      reportNumber   = "PUPT-1767",
      SLACcitation   = "%%CITATION = HEP-TH/9802109;%%",
}

@article{Maldacena:1998im,
      author         = "Maldacena, Juan Martin",
      title          = "{Wilson loops in large N field theories}",
      journal        = "Phys.Rev.Lett.",
      volume         = "80",
      pages          = "4859-4862",
      doi            = "10.1103/PhysRevLett.80.4859",
      year           = "1998",
      eprint         = "hep-th/9803002",
      archivePrefix  = "arXiv",
      primaryClass   = "hep-th",
      reportNumber   = "HUTP-98-A014",
      SLACcitation   = "%%CITATION = HEP-TH/9803002;%%",
}

@article{Rey:1998ik,
      author         = "Rey, Soo-Jong and Yee, Jung-Tay",
      title          = "{Macroscopic strings as heavy quarks in large N gauge
                        theory and anti-de Sitter supergravity}",
      journal        = "Eur.Phys.J.",
      volume         = "C22",
      pages          = "379-394",
      doi            = "10.1007/s100520100799",
      year           = "2001",
      eprint         = "hep-th/9803001",
      archivePrefix  = "arXiv",
      primaryClass   = "hep-th",
      reportNumber   = "SNUTP-98-016",
      SLACcitation   = "%%CITATION = HEP-TH/9803001;%%",
}


@article{Beisert:2010jr,
      author         = "Beisert, Niklas and Ahn, Changrim and Alday, Luis F. and
                        Bajnok, Zoltan and Drummond, James M. and others",
      title          = "{Review of AdS/CFT Integrability: An Overview}",
      journal        = "Lett.Math.Phys.",
      volume         = "99",
      pages          = "3-32",
      doi            = "10.1007/s11005-011-0529-2",
      year           = "2012",
      eprint         = "1012.3982",
      archivePrefix  = "arXiv",
      primaryClass   = "hep-th",
      reportNumber   = "AEI-2010-175, CERN-PH-TH-2010-306, HU-EP-10-87,
                        HU-MATH-2010-22, KCL-MTH-10-10, UMTG-270, UUITP-41-10",
      SLACcitation   = "%%CITATION = ARXIV:1012.3982;%%",
}

@article{Gross:1998gk,
      author         = "Gross, David J. and Ooguri, Hirosi",
      title          = "{Aspects of large N gauge theory dynamics as seen by
                        string theory}",
      journal        = "Phys.Rev.",
      volume         = "D58",
      pages          = "106002",
      doi            = "10.1103/PhysRevD.58.106002",
      year           = "1998",
      eprint         = "hep-th/9805129",
      archivePrefix  = "arXiv",
      primaryClass   = "hep-th",
      reportNumber   = "ITP-NSF-98-064, UCB-PTH-98-27, LBNL-41850, LBL-41850",
      SLACcitation   = "%%CITATION = HEP-TH/9805129;%%",
}

@article{Kazakov:2004qf,
      author         = "Kazakov, V.A. and Marshakov, A. and Minahan, J.A. and
                        Zarembo, K.",
      title          = "{Classical/quantum integrability in AdS/CFT}",
      journal        = "JHEP",
      volume         = "0405",
      pages          = "024",
      doi            = "10.1088/1126-6708/2004/05/024",
      year           = "2004",
      eprint         = "hep-th/0402207",
      archivePrefix  = "arXiv",
      primaryClass   = "hep-th",
      reportNumber   = "LPTENS-04-09, FIAN-TD-04-04, MPG-ITEP-11-04,
                        IHES-P-04-05, UUITP-05-04, CTP-MIT-3472",
      SLACcitation   = "%%CITATION = HEP-TH/0402207;%%",
}

@article{Gromov:2007aq,
      author         = "Gromov, Nikolay and Vieira, Pedro",
      title          = "{The AdS(5) x S**5 superstring quantum spectrum from the
                        algebraic curve}",
      journal        = "Nucl.Phys.",
      volume         = "B789",
      pages          = "175-208",
      doi            = "10.1016/j.nuclphysb.2007.07.032",
      year           = "2008",
      eprint         = "hep-th/0703191",
      archivePrefix  = "arXiv",
      primaryClass   = "HEP-TH",
      reportNumber   = "LPTENS-07-14",
      SLACcitation   = "%%CITATION = HEP-TH/0703191;%%",
}

@article{Dekel:2011ja,
      author         = "Dekel, Amit and Oz, Yaron",
      title          = "{Integrability of Green-Schwarz Sigma Models with
                        Boundaries}",
      journal        = "JHEP",
      volume         = "1108",
      pages          = "004",
      doi            = "10.1007/JHEP08(2011)004",
      year           = "2011",
      eprint         = "1106.3446",
      archivePrefix  = "arXiv",
      primaryClass   = "hep-th",
      SLACcitation   = "%%CITATION = ARXIV:1106.3446;%%",
}

@article{Armoni:2013qda,
      author         = "Armoni, Adi and Piai, Maurizio and Teimouri, Ali",
      title          = "{Correlators of Circular Wilson Loops from Holography}",
      year           = "2013",
      eprint         = "1307.7773",
      archivePrefix  = "arXiv",
      primaryClass   = "hep-th",
      SLACcitation   = "%%CITATION = ARXIV:1307.7773;%%",
}


@article{Faraggi:2011ge,
      author         = "Faraggi, Alberto and Mueck, Wolfgang and Pando Zayas,
                        Leopoldo A.",
      title          = "{One-loop Effective Action of the Holographic
                        Antisymmetric Wilson Loop}",
      journal        = "Phys.Rev.",
      volume         = "D85",
      pages          = "106015",
      doi            = "10.1103/PhysRevD.85.106015",
      year           = "2012",
      eprint         = "1112.5028",
      archivePrefix  = "arXiv",
      primaryClass   = "hep-th",
      reportNumber   = "MCTP-11-43",
      SLACcitation   = "%%CITATION = ARXIV:1112.5028;%%",
}

@article{Drukker:2005kx,
      author         = "Drukker, Nadav and Fiol, Bartomeu",
      title          = "{All-genus calculation of Wilson loops using D-branes}",
      journal        = "JHEP",
      volume         = "0502",
      pages          = "010",
      doi            = "10.1088/1126-6708/2005/02/010",
      year           = "2005",
      eprint         = "hep-th/0501109",
      archivePrefix  = "arXiv",
      primaryClass   = "hep-th",
      reportNumber   = "ITFA-2005-01",
      SLACcitation   = "%%CITATION = HEP-TH/0501109;%%",
}

@article{Berenstein:1998ij,
      author         = "Berenstein, David Eliecer and Corrado, Richard and
                        Fischler, Willy and Maldacena, Juan Martin",
      title          = "{The Operator product expansion for Wilson loops and
                        surfaces in the large N limit}",
      journal        = "Phys.Rev.",
      volume         = "D59",
      pages          = "105023",
      doi            = "10.1103/PhysRevD.59.105023",
      year           = "1999",
      eprint         = "hep-th/9809188",
      archivePrefix  = "arXiv",
      primaryClass   = "hep-th",
      reportNumber   = "UTTG-05-98, HUTP-98-A066",
      SLACcitation   = "%%CITATION = HEP-TH/9809188;%%",
}

@article{Yamaguchi:2006tq,
      author         = "Yamaguchi, Satoshi",
      title          = "{Wilson loops of anti-symmetric representation and
                        D5-branes}",
      journal        = "JHEP",
      volume         = "0605",
      pages          = "037",
      doi            = "10.1088/1126-6708/2006/05/037",
      year           = "2006",
      eprint         = "hep-th/0603208",
      archivePrefix  = "arXiv",
      primaryClass   = "hep-th",
      SLACcitation   = "%%CITATION = HEP-TH/0603208;%%",
}

@article{Hartnoll:2006hr,
      author         = "Hartnoll, Sean A. and Kumar, S. Prem",
      title          = "{Multiply wound Polyakov loops at strong coupling}",
      journal        = "Phys.Rev.",
      volume         = "D74",
      pages          = "026001",
      doi            = "10.1103/PhysRevD.74.026001",
      year           = "2006",
      eprint         = "hep-th/0603190",
      archivePrefix  = "arXiv",
      primaryClass   = "hep-th",
      reportNumber   = "DAMTP-2006-21",
      SLACcitation   = "%%CITATION = HEP-TH/0603190;%%",
}

@article{Gomis:2006sb,
      author         = "Gomis, Jaume and Passerini, Filippo",
      title          = "{Holographic Wilson Loops}",
      journal        = "JHEP",
      volume         = "0608",
      pages          = "074",
      doi            = "10.1088/1126-6708/2006/08/074",
      year           = "2006",
      eprint         = "hep-th/0604007",
      archivePrefix  = "arXiv",
      primaryClass   = "hep-th",
      reportNumber   = "KUL-TF-06-11",
      SLACcitation   = "%%CITATION = HEP-TH/0604007;%%",
}

@article{Gomis:2006im,
      author         = "Gomis, Jaume and Passerini, Filippo",
      title          = "{Wilson Loops as D3-Branes}",
      journal        = "JHEP",
      volume         = "0701",
      pages          = "097",
      doi            = "10.1088/1126-6708/2007/01/097",
      year           = "2007",
      eprint         = "hep-th/0612022",
      archivePrefix  = "arXiv",
      primaryClass   = "hep-th",
      SLACcitation   = "%%CITATION = HEP-TH/0612022;%%",
}

@article{Faraggi:2011bb,
      author         = "Faraggi, Alberto and Pando Zayas, Leopoldo A.",
      title          = "{The Spectrum of Excitations of Holographic Wilson
                        Loops}",
      journal        = "JHEP",
      volume         = "1105",
      pages          = "018",
      doi            = "10.1007/JHEP05(2011)018",
      year           = "2011",
      eprint         = "1101.5145",
      archivePrefix  = "arXiv",
      primaryClass   = "hep-th",
      reportNumber   = "MCTP-11-02",
      SLACcitation   = "%%CITATION = ARXIV:1101.5145;%%",
}

@article{Polyakov:2000ti,
      author         = "Polyakov, Alexander M. and Rychkov, Vyacheslav S.",
      title          = "{Gauge field strings duality and the loop equation}",
      journal        = "Nucl.Phys.",
      volume         = "B581",
      pages          = "116-134",
      doi            = "10.1016/S0550-3213(00)00183-8",
      year           = "2000",
      eprint         = "hep-th/0002106",
      archivePrefix  = "arXiv",
      primaryClass   = "hep-th",
      reportNumber   = "PUPT-1917",
      SLACcitation   = "%%CITATION = HEP-TH/0002106;%%",
}

@article{Fonda:2014cca,
      author         = "Fonda, Piermarco and Giomi, Luca and Salvio, Alberto and
                        Tonni, Erik",
      title          = "{On shape dependence of holographic mutual information in
                        AdS4}",
      year           = "2014",
      eprint         = "1411.3608",
      archivePrefix  = "arXiv",
      primaryClass   = "hep-th",
      reportNumber   = "IFT-UAM-CSIC-14-118",
      SLACcitation   = "%%CITATION = ARXIV:1411.3608;%%",
}

@article{Pilch:2000ue,
      author         = "Pilch, Krzysztof and Warner, Nicholas P.",
      title          = "{N=2 supersymmetric RG flows and the IIB dilaton}",
      journal        = "Nucl.Phys.",
      volume         = "B594",
      pages          = "209-228",
      doi            = "10.1016/S0550-3213(00)00656-8",
      year           = "2001",
      eprint         = "hep-th/0004063",
      archivePrefix  = "arXiv",
      primaryClass   = "hep-th",
      reportNumber   = "CITUSC-00-018, USC-00-02",
      SLACcitation   = "%%CITATION = HEP-TH/0004063;%%",
}


@article{Buchel:2000cn,
      author         = "Buchel, Alex and Peet, Amanda W. and Polchinski, Joseph",
      title          = "{Gauge dual and noncommutative extension of an N=2
                        supergravity solution}",
      journal        = "Phys.Rev.",
      volume         = "D63",
      pages          = "044009",
      doi            = "10.1103/PhysRevD.63.044009",
      year           = "2001",
      eprint         = "hep-th/0008076",
      archivePrefix  = "arXiv",
      primaryClass   = "hep-th",
      reportNumber   = "NSF-ITP-00-95",
      SLACcitation   = "%%CITATION = HEP-TH/0008076;%%",
}


@article{Pilch:2003jg,
      author         = "Pilch, Krzysztof and Warner, Nicholas P.",
      title          = "{Generalizing the N=2 supersymmetric RG flow solution of
                        IIB supergravity}",
      journal        = "Nucl.Phys.",
      volume         = "B675",
      pages          = "99-121",
      doi            = "10.1016/j.nuclphysb.2003.09.052",
      year           = "2003",
      eprint         = "hep-th/0306098",
      archivePrefix  = "arXiv",
      primaryClass   = "hep-th",
      reportNumber   = "USC-03-05",
      SLACcitation   = "%%CITATION = HEP-TH/0306098;%%",
}

@article{Evans:2000ct,
      author         = "Evans, Nick J. and Johnson, Clifford V. and Petrini,
                        Michela",
      title          = "{The Enhancon and N=2 gauge theory: Gravity RG flows}",
      journal        = "JHEP",
      volume         = "0010",
      pages          = "022",
      doi            = "10.1088/1126-6708/2000/10/022",
      year           = "2000",
      eprint         = "hep-th/0008081",
      archivePrefix  = "arXiv",
      primaryClass   = "hep-th",
      SLACcitation   = "%%CITATION = HEP-TH/0008081;%%",
}

@article{Schwarz:1983qr,
      author         = "Schwarz, John H.",
      title          = "{Covariant Field Equations of Chiral N=2 D=10
                        Supergravity}",
      journal        = "Nucl.Phys.",
      volume         = "B226",
      pages          = "269",
      doi            = "10.1016/0550-3213(83)90192-X",
      year           = "1983",
      reportNumber   = "CALT-68-1016",
      SLACcitation   = "%%CITATION = NUPHA,B226,269;%%",
}

@article{Green:1987mn,
      author         = "Green, Michael B. and Schwarz, J.H. and Witten, Edward",
      title          = "{SUPERSTRING THEORY. VOL. 2: LOOP AMPLITUDES, ANOMALIES
                        AND PHENOMENOLOGY}",
      year           = "1987",
      SLACcitation   = "%%CITATION = INSPIRE-252419;%%",
}

@article{Chen-Lin:2015dfa,
      author         = "Chen-Lin, Xinyi and Zarembo, Konstantin",
      title          = "{Higher Rank Wilson Loops in N = 2* Super-Yang-Mills
                        Theory}",
      journal        = "JHEP",
      volume         = "03",
      year           = "2015",
      pages          = "147",
      doi            = "10.1007/JHEP03(2015)147",
      eprint         = "1502.01942",
      archivePrefix  = "arXiv",
      primaryClass   = "hep-th",
      SLACcitation   = "%%CITATION = ARXIV:1502.01942;%%"
}